{"type": "order", "symbol": "AMZN", "side": "BUY", "qty": 10, "price": 117.93, "sentiment": 75, "timestamp": 1762737469.042326}
{"type": "order", "symbol": "AAPL", "side": "SELL", "qty": 10, "price": 270.5, "sentiment": 14, "timestamp": 1762737470.290517}
{"type": "order", "symbol": "MSFT", "side": "SELL", "qty": 10, "price": 199.79, "sentiment": 14, "timestamp": 1762737470.291175}
{"type": "order", "symbol": "AAPL", "side": "BUY", "qty": 10, "price": 271.05, "sentiment": 93, "timestamp": 1762737470.9091148}
{"type": "order", "symbol": "MSFT", "side": "BUY", "qty": 10, "price": 201.67, "sentiment": 85, "timestamp": 1762737471.734617}
{"type": "order", "symbol": "AAPL", "side": "SELL", "qty": 10, "price": 268.82, "sentiment": 28, "timestamp": 1762737472.773016}
{"type": "order", "symbol": "MSFT", "side": "SELL", "qty": 10, "price": 199.54, "sentiment": 28, "timestamp": 1762737473.182379}
{"type": "order", "symbol": "AMZN", "side": "SELL", "qty": 10, "price": 118.28, "sentiment": 35, "timestamp": 1762737474.424729}
{"type": "order", "symbol": "MSFT", "side": "BUY", "qty": 10, "price": 201.27, "sentiment": 80, "timestamp": 1762737476.6934772}
{"type": "order", "symbol": "AAPL", "side": "BUY", "qty": 10, "price": 269.12, "sentiment": 91, "timestamp": 1762737480.413089}
{"type": "order", "symbol": "AMZN", "side": "BUY", "qty": 10, "price": 116.42, "sentiment": 72, "timestamp": 1762737482.900339}
{"type": "order", "symbol": "AAPL", "side": "SELL", "qty": 10, "price": 289.54, "sentiment": 11, "timestamp": 1762737489.3314428}
{"type": "order", "symbol": "AAPL", "side": "BUY", "qty": 10, "price": 291.27, "sentiment": 83, "timestamp": 1762737491.81168}
{"type": "order", "symbol": "MSFT", "side": "SELL", "qty": 10, "price": 204.29, "sentiment": 23, "timestamp": 1762737492.018653}
{"type": "order", "symbol": "AAPL", "side": "SELL", "qty": 10, "price": 288.28, "sentiment": 39, "timestamp": 1762737493.460643}
{"type": "order", "symbol": "AMZN", "side": "SELL", "qty": 10, "price": 119.77, "sentiment": 39, "timestamp": 1762737493.460791}
{"type": "order", "symbol": "MSFT", "side": "BUY", "qty": 10, "price": 204.05, "sentiment": 97, "timestamp": 1762737500.064218}
{"type": "order", "symbol": "MSFT", "side": "SELL", "qty": 10, "price": 204.37, "sentiment": 18, "timestamp": 1762737503.5595741}
{"type": "order", "symbol": "MSFT", "side": "BUY", "qty": 10, "price": 206.66, "sentiment": 97, "timestamp": 1762737504.597698}
{"type": "order", "symbol": "AMZN", "side": "BUY", "qty": 10, "price": 118.32, "sentiment": 97, "timestamp": 1762737504.5983338}
{"type": "order", "symbol": "AAPL", "side": "BUY", "qty": 10, "price": 278.38, "sentiment": 81, "timestamp": 1762737505.011055}
{"type": "order", "symbol": "MSFT", "side": "SELL", "qty": 10, "price": 204.6, "sentiment": 1, "timestamp": 1762737506.245454}
{"type": "order", "symbol": "MSFT", "side": "BUY", "qty": 10, "price": 205.58, "sentiment": 62, "timestamp": 1762737509.127569}
{"type": "order", "symbol": "MSFT", "side": "SELL", "qty": 10, "price": 204.75, "sentiment": 31, "timestamp": 1762737510.98976}
{"type": "order", "symbol": "AAPL", "side": "SELL", "qty": 10, "price": 284.74, "sentiment": 31, "timestamp": 1762737511.1977851}
{"type": "order", "symbol": "AAPL", "side": "BUY", "qty": 10, "price": 287.84, "sentiment": 66, "timestamp": 1762737512.022259}
{"type": "order", "symbol": "AAPL", "side": "SELL", "qty": 10, "price": 284.43, "sentiment": 35, "timestamp": 1762737514.286007}
{"type": "order", "symbol": "MSFT", "side": "BUY", "qty": 10, "price": 204.58, "sentiment": 63, "timestamp": 1762737514.701348}
{"type": "order", "symbol": "MSFT", "side": "SELL", "qty": 10, "price": 203.4, "sentiment": 8, "timestamp": 1762737515.115412}
{"type": "order", "symbol": "AAPL", "side": "BUY", "qty": 10, "price": 290.88, "sentiment": 94, "timestamp": 1762737516.567206}
{"type": "order", "symbol": "AMZN", "side": "SELL", "qty": 10, "price": 128.61, "sentiment": 27, "timestamp": 1762737520.89806}
{"type": "order", "symbol": "AAPL", "side": "SELL", "qty": 10, "price": 286.56, "sentiment": 23, "timestamp": 1762737527.309834}
{"type": "order", "symbol": "MSFT", "side": "BUY", "qty": 10, "price": 197.04, "sentiment": 76, "timestamp": 1762737527.928714}
{"type": "order", "symbol": "AAPL", "side": "BUY", "qty": 10, "price": 293.55, "sentiment": 94, "timestamp": 1762737530.794204}
{"type": "order", "symbol": "AMZN", "side": "BUY", "qty": 10, "price": 122.7, "sentiment": 94, "timestamp": 1762737530.7947829}
{"type": "order", "symbol": "AMZN", "side": "SELL", "qty": 10, "price": 122.33, "sentiment": 30, "timestamp": 1762737531.20884}
{"type": "order", "symbol": "MSFT", "side": "SELL", "qty": 10, "price": 196.05, "sentiment": 34, "timestamp": 1762737533.064775}
{"type": "order", "symbol": "AMZN", "side": "BUY", "qty": 10, "price": 123.2, "sentiment": 64, "timestamp": 1762737533.2697809}
{"type": "order", "symbol": "AAPL", "side": "SELL", "qty": 10, "price": 296.67, "sentiment": 28, "timestamp": 1762737536.959581}
{"type": "order", "symbol": "AMZN", "side": "SELL", "qty": 10, "price": 123.5, "sentiment": 21, "timestamp": 1762737539.2174459}
{"type": "order", "symbol": "AAPL", "side": "BUY", "qty": 10, "price": 298.69, "sentiment": 81, "timestamp": 1762737540.856862}
{"type": "order", "symbol": "AAPL", "side": "SELL", "qty": 10, "price": 295.47, "sentiment": 6, "timestamp": 1762737542.088939}
{"type": "order", "symbol": "MSFT", "side": "BUY", "qty": 10, "price": 186.85, "sentiment": 91, "timestamp": 1762737543.120458}
{"type": "order", "symbol": "AAPL", "side": "BUY", "qty": 10, "price": 300.91, "sentiment": 92, "timestamp": 1762737544.558712}
{"type": "order", "symbol": "AMZN", "side": "BUY", "qty": 10, "price": 121.68, "sentiment": 77, "timestamp": 1762737546.842083}
{"type": "order", "symbol": "AMZN", "side": "SELL", "qty": 10, "price": 120.97, "sentiment": 13, "timestamp": 1762737548.9051871}
{"type": "order", "symbol": "MSFT", "side": "SELL", "qty": 10, "price": 189.63, "sentiment": 37, "timestamp": 1762737549.3156679}
{"type": "order", "symbol": "AAPL", "side": "SELL", "qty": 10, "price": 311.19, "sentiment": 22, "timestamp": 1762737550.342324}
{"type": "order", "symbol": "AMZN", "side": "BUY", "qty": 10, "price": 121.11, "sentiment": 81, "timestamp": 1762737550.963237}
{"type": "order", "symbol": "AAPL", "side": "BUY", "qty": 10, "price": 314.07, "sentiment": 94, "timestamp": 1762737551.573589}
{"type": "order", "symbol": "AAPL", "side": "SELL", "qty": 10, "price": 311.81, "sentiment": 33, "timestamp": 1762737552.1908648}
{"type": "order", "symbol": "AAPL", "side": "BUY", "qty": 10, "price": 311.25, "sentiment": 86, "timestamp": 1762737555.502502}
{"type": "order", "symbol": "AAPL", "side": "SELL", "qty": 10, "price": 308.84, "sentiment": 34, "timestamp": 1762737558.3952892}
{"type": "order", "symbol": "AMZN", "side": "SELL", "qty": 10, "price": 121.28, "sentiment": 34, "timestamp": 1762737558.395547}
{"type": "order", "symbol": "MSFT", "side": "BUY", "qty": 10, "price": 179.68, "sentiment": 97, "timestamp": 1762737561.083723}
{"type": "order", "symbol": "MSFT", "side": "SELL", "qty": 10, "price": 180.53, "sentiment": 20, "timestamp": 1762737561.499928}
{"type": "order", "symbol": "AAPL", "side": "BUY", "qty": 10, "price": 311.05, "sentiment": 61, "timestamp": 1762737562.549799}
{"type": "order", "symbol": "MSFT", "side": "BUY", "qty": 10, "price": 181.1, "sentiment": 61, "timestamp": 1762737562.758045}
{"type": "order", "symbol": "MSFT", "side": "SELL", "qty": 10, "price": 178.7, "sentiment": 3, "timestamp": 1762737565.447531}
{"type": "order", "symbol": "AMZN", "side": "BUY", "qty": 10, "price": 115.83, "sentiment": 72, "timestamp": 1762737572.078309}
{"type": "order", "symbol": "MSFT", "side": "BUY", "qty": 10, "price": 170.88, "sentiment": 87, "timestamp": 1762737574.9752}
{"type": "order", "symbol": "MSFT", "side": "SELL", "qty": 10, "price": 171.35, "sentiment": 21, "timestamp": 1762737575.182334}
{"type": "order", "symbol": "AAPL", "side": "SELL", "qty": 10, "price": 340.79, "sentiment": 2, "timestamp": 1762737578.072352}
{"type": "order", "symbol": "AMZN", "side": "SELL", "qty": 10, "price": 109.78, "sentiment": 2, "timestamp": 1762737578.073148}
{"type": "order", "symbol": "AAPL", "side": "BUY", "qty": 10, "price": 343.73, "sentiment": 87, "timestamp": 1762737580.757511}
{"type": "order", "symbol": "MSFT", "side": "BUY", "qty": 10, "price": 169.92, "sentiment": 87, "timestamp": 1762737580.7578182}
{"type": "order", "symbol": "MSFT", "side": "SELL", "qty": 10, "price": 166.05, "sentiment": 18, "timestamp": 1762737582.615715}
{"type": "order", "symbol": "AMZN", "side": "BUY", "qty": 10, "price": 107.94, "sentiment": 67, "timestamp": 1762737583.2394009}
{"type": "order", "symbol": "AAPL", "side": "SELL", "qty": 10, "price": 341.77, "sentiment": 10, "timestamp": 1762737583.65379}
{"type": "order", "symbol": "MSFT", "side": "BUY", "qty": 10, "price": 165.68, "sentiment": 85, "timestamp": 1762737586.149593}
{"type": "order", "symbol": "AAPL", "side": "BUY", "qty": 10, "price": 340.46, "sentiment": 69, "timestamp": 1762737587.802755}
{"type": "order", "symbol": "MSFT", "side": "SELL", "qty": 10, "price": 164.98, "sentiment": 35, "timestamp": 1762737589.243257}
{"type": "order", "symbol": "AMZN", "side": "SELL", "qty": 10, "price": 107.02, "sentiment": 35, "timestamp": 1762737589.2437718}
{"type": "order", "symbol": "AAPL", "side": "SELL", "qty": 10, "price": 337.25, "sentiment": 0, "timestamp": 1762737590.715712}
{"type": "order", "symbol": "MSFT", "side": "BUY", "qty": 10, "price": 166.88, "sentiment": 84, "timestamp": 1762737591.337286}
{"type": "order", "symbol": "AMZN", "side": "BUY", "qty": 10, "price": 106.49, "sentiment": 84, "timestamp": 1762737591.3374798}
{"type": "order", "symbol": "AMZN", "side": "SELL", "qty": 10, "price": 106.01, "sentiment": 25, "timestamp": 1762737593.195148}
{"type": "order", "symbol": "AAPL", "side": "BUY", "qty": 10, "price": 327.07, "sentiment": 95, "timestamp": 1762737597.3190138}
{"type": "order", "symbol": "AAPL", "side": "SELL", "qty": 10, "price": 328.94, "sentiment": 27, "timestamp": 1762737598.3480792}
{"type": "order", "symbol": "MSFT", "side": "SELL", "qty": 10, "price": 168.64, "sentiment": 37, "timestamp": 1762737599.380673}
{"type": "order", "symbol": "AAPL", "side": "BUY", "qty": 10, "price": 335.24, "sentiment": 66, "timestamp": 1762737601.861421}
{"type": "order", "symbol": "AMZN", "side": "BUY", "qty": 10, "price": 108.72, "sentiment": 66, "timestamp": 1762737601.862278}
{"type": "order", "symbol": "MSFT", "side": "BUY", "qty": 10, "price": 169.16, "sentiment": 66, "timestamp": 1762737602.069004}
{"type": "order", "symbol": "AMZN", "side": "SELL", "qty": 10, "price": 108.93, "sentiment": 6, "timestamp": 1762737602.8917491}
{"type": "order", "symbol": "AMZN", "side": "BUY", "qty": 10, "price": 109.68, "sentiment": 74, "timestamp": 1762737603.304821}
{"type": "order", "symbol": "AAPL", "side": "SELL", "qty": 10, "price": 334.62, "sentiment": 7, "timestamp": 1762737605.575664}
{"type": "order", "symbol": "AMZN", "side": "SELL", "qty": 10, "price": 108.07, "sentiment": 7, "timestamp": 1762737605.5764532}
{"type": "order", "symbol": "AAPL", "side": "BUY", "qty": 10, "price": 337.71, "sentiment": 98, "timestamp": 1762737608.481364}
{"type": "order", "symbol": "AMZN", "side": "BUY", "qty": 10, "price": 108.64, "sentiment": 97, "timestamp": 1762737613.437691}
{"type": "order", "symbol": "AAPL", "side": "SELL", "qty": 10, "price": 338.52, "sentiment": 26, "timestamp": 1762737614.472739}
{"type": "order", "symbol": "MSFT", "side": "SELL", "qty": 10, "price": 178.6, "sentiment": 26, "timestamp": 1762737614.473431}
{"type": "order", "symbol": "MSFT", "side": "BUY", "qty": 10, "price": 180.68, "sentiment": 71, "timestamp": 1762737615.501397}
{"type": "order", "symbol": "AAPL", "side": "BUY", "qty": 10, "price": 342.01, "sentiment": 88, "timestamp": 1762737615.910049}
{"type": "order", "symbol": "MSFT", "side": "SELL", "qty": 10, "price": 178.63, "sentiment": 36, "timestamp": 1762737617.974315}
{"type": "order", "symbol": "AMZN", "side": "SELL", "qty": 10, "price": 111.8, "sentiment": 36, "timestamp": 1762737617.974411}
{"type": "order", "symbol": "MSFT", "side": "BUY", "qty": 10, "price": 180.54, "sentiment": 97, "timestamp": 1762737618.795134}
{"type": "order", "symbol": "AAPL", "side": "SELL", "qty": 10, "price": 340.11, "sentiment": 29, "timestamp": 1762737619.002511}
{"type": "order", "symbol": "AAPL", "side": "BUY", "qty": 10, "price": 344.68, "sentiment": 100, "timestamp": 1762737621.481389}
{"type": "order", "symbol": "AAPL", "side": "SELL", "qty": 10, "price": 339.46, "sentiment": 3, "timestamp": 1762737623.75575}
{"type": "order", "symbol": "AMZN", "side": "BUY", "qty": 10, "price": 110.29, "sentiment": 86, "timestamp": 1762737625.608242}
{"type": "order", "symbol": "AMZN", "side": "SELL", "qty": 10, "price": 109.35, "sentiment": 26, "timestamp": 1762737627.461458}
{"type": "order", "symbol": "MSFT", "side": "SELL", "qty": 10, "price": 186.7, "sentiment": 11, "timestamp": 1762737628.082859}
{"type": "order", "symbol": "AMZN", "side": "BUY", "qty": 10, "price": 110.35, "sentiment": 97, "timestamp": 1762737628.4962418}
{"type": "order", "symbol": "AMZN", "side": "SELL", "qty": 10, "price": 108.5, "sentiment": 35, "timestamp": 1762737630.5555289}
{"type": "order", "symbol": "AAPL", "side": "BUY", "qty": 10, "price": 344.23, "sentiment": 66, "timestamp": 1762737631.5877929}
{"type": "order", "symbol": "AAPL", "side": "SELL", "qty": 10, "price": 339.57, "sentiment": 26, "timestamp": 1762737632.41586}
{"type": "order", "symbol": "AMZN", "side": "BUY", "qty": 10, "price": 111.59, "sentiment": 74, "timestamp": 1762737632.622907}
{"type": "order", "symbol": "MSFT", "side": "BUY", "qty": 10, "price": 184.61, "sentiment": 86, "timestamp": 1762737635.5093591}
{"type": "order", "symbol": "AMZN", "side": "SELL", "qty": 10, "price": 107.95, "sentiment": 28, "timestamp": 1762737636.1285918}
{"type": "order", "symbol": "AAPL", "side": "BUY", "qty": 10, "price": 343.15, "sentiment": 88, "timestamp": 1762737640.695132}
{"type": "order", "symbol": "AMZN", "side": "BUY", "qty": 10, "price": 110.35, "sentiment": 88, "timestamp": 1762737640.6959722}
{"type": "order", "symbol": "MSFT", "side": "SELL", "qty": 10, "price": 184.42, "sentiment": 30, "timestamp": 1762737641.93314}
{"type": "order", "symbol": "AAPL", "side": "SELL", "qty": 10, "price": 343.41, "sentiment": 26, "timestamp": 1762737645.236129}
{"type": "order", "symbol": "AMZN", "side": "SELL", "qty": 10, "price": 109.26, "sentiment": 26, "timestamp": 1762737645.236437}
{"type": "order", "symbol": "MSFT", "side": "BUY", "qty": 10, "price": 180.51, "sentiment": 93, "timestamp": 1762737646.262754}
{"type": "order", "symbol": "MSFT", "side": "SELL", "qty": 10, "price": 180.49, "sentiment": 21, "timestamp": 1762737648.118554}
{"type": "order", "symbol": "AAPL", "side": "BUY", "qty": 10, "price": 339.75, "sentiment": 78, "timestamp": 1762737649.7605262}
{"type": "order", "symbol": "AMZN", "side": "BUY", "qty": 10, "price": 108.81, "sentiment": 78, "timestamp": 1762737649.761281}
{"type": "order", "symbol": "AMZN", "side": "SELL", "qty": 10, "price": 108.16, "sentiment": 29, "timestamp": 1762737651.411958}
{"type": "order", "symbol": "AMZN", "side": "BUY", "qty": 10, "price": 110.46, "sentiment": 78, "timestamp": 1762737655.325809}
{"type": "order", "symbol": "AAPL", "side": "SELL", "qty": 10, "price": 347.22, "sentiment": 17, "timestamp": 1762737656.3601542}
{"type": "order", "symbol": "AAPL", "side": "BUY", "qty": 10, "price": 348.65, "sentiment": 69, "timestamp": 1762737656.9779441}
{"type": "order", "symbol": "AMZN", "side": "SELL", "qty": 10, "price": 109.71, "sentiment": 22, "timestamp": 1762737657.1845179}
{"type": "order", "symbol": "MSFT", "side": "BUY", "qty": 10, "price": 171.83, "sentiment": 87, "timestamp": 1762737658.832324}
{"type": "order", "symbol": "AAPL", "side": "SELL", "qty": 10, "price": 345.3, "sentiment": 23, "timestamp": 1762737659.866942}
{"type": "order", "symbol": "AAPL", "side": "BUY", "qty": 10, "price": 353.4, "sentiment": 99, "timestamp": 1762737660.905998}
{"type": "order", "symbol": "MSFT", "side": "SELL", "qty": 10, "price": 171.31, "sentiment": 1, "timestamp": 1762737662.56059}
{"type": "order", "symbol": "AMZN", "side": "BUY", "qty": 10, "price": 105.35, "sentiment": 82, "timestamp": 1762737667.507431}
{"type": "order", "symbol": "AAPL", "side": "SELL", "qty": 10, "price": 359.58, "sentiment": 37, "timestamp": 1762737669.360893}
{"type": "order", "symbol": "AMZN", "side": "SELL", "qty": 10, "price": 103.52, "sentiment": 30, "timestamp": 1762737670.181601}
{"type": "order", "symbol": "MSFT", "side": "BUY", "qty": 10, "price": 170.53, "sentiment": 69, "timestamp": 1762737670.385586}
{"type": "order", "symbol": "AMZN", "side": "BUY", "qty": 10, "price": 103.39, "sentiment": 86, "timestamp": 1762737673.680567}
{"type": "order", "symbol": "MSFT", "side": "SELL", "qty": 10, "price": 169.2, "sentiment": 15, "timestamp": 1762737674.302442}
{"type": "order", "symbol": "MSFT", "side": "BUY", "qty": 10, "price": 173.1, "sentiment": 76, "timestamp": 1762737676.366557}
{"type": "order", "symbol": "AAPL", "side": "BUY", "qty": 10, "price": 353.79, "sentiment": 74, "timestamp": 1762737677.393769}
{"type": "order", "symbol": "AAPL", "side": "SELL", "qty": 10, "price": 353.61, "sentiment": 2, "timestamp": 1762737678.0140328}
{"type": "order", "symbol": "AMZN", "side": "SELL", "qty": 10, "price": 104.36, "sentiment": 2, "timestamp": 1762737678.015651}
{"type": "order", "symbol": "AAPL", "side": "BUY", "qty": 10, "price": 353.31, "sentiment": 94, "timestamp": 1762737679.045886}
{"type": "order", "symbol": "MSFT", "side": "SELL", "qty": 10, "price": 174.83, "sentiment": 10, "timestamp": 1762737680.4857469}
{"type": "order", "symbol": "MSFT", "side": "BUY", "qty": 10, "price": 174.61, "sentiment": 80, "timestamp": 1762737680.898826}
{"type": "order", "symbol": "AMZN", "side": "BUY", "qty": 10, "price": 104.73, "sentiment": 80, "timestamp": 1762737681.310703}
{"type": "order", "symbol": "AAPL", "side": "SELL", "qty": 10, "price": 352.76, "sentiment": 37, "timestamp": 1762737682.127896}
{"type": "order", "symbol": "AMZN", "side": "SELL", "qty": 10, "price": 104.52, "sentiment": 14, "timestamp": 1762737683.773936}
{"type": "order", "symbol": "AAPL", "side": "BUY", "qty": 10, "price": 365.81, "sentiment": 81, "timestamp": 1762737684.390454}
{"type": "order", "symbol": "AMZN", "side": "BUY", "qty": 10, "price": 105.84, "sentiment": 82, "timestamp": 1762737686.031595}
{"type": "order", "symbol": "AAPL", "side": "SELL", "qty": 10, "price": 355.78, "sentiment": 20, "timestamp": 1762737689.5186749}
{"type": "order", "symbol": "MSFT", "side": "SELL", "qty": 10, "price": 180.38, "sentiment": 20, "timestamp": 1762737689.518941}
{"type": "order", "symbol": "AMZN", "side": "SELL", "qty": 10, "price": 106.16, "sentiment": 20, "timestamp": 1762737689.724808}
{"type": "order", "symbol": "AAPL", "side": "BUY", "qty": 10, "price": 359.49, "sentiment": 89, "timestamp": 1762737691.979779}
{"type": "order", "symbol": "AAPL", "side": "SELL", "qty": 10, "price": 356.37, "sentiment": 27, "timestamp": 1762737694.8611321}
{"type": "order", "symbol": "AMZN", "side": "BUY", "qty": 10, "price": 106.9, "sentiment": 82, "timestamp": 1762737696.092415}
{"type": "order", "symbol": "AAPL", "side": "BUY", "qty": 10, "price": 359.73, "sentiment": 90, "timestamp": 1762737696.922197}
{"type": "order", "symbol": "MSFT", "side": "BUY", "qty": 10, "price": 175.41, "sentiment": 87, "timestamp": 1762737698.9776099}
{"type": "order", "symbol": "AAPL", "side": "SELL", "qty": 10, "price": 358.57, "sentiment": 18, "timestamp": 1762737700.0047219}
{"type": "order", "symbol": "MSFT", "side": "SELL", "qty": 10, "price": 173.36, "sentiment": 18, "timestamp": 1762737700.210699}
{"type": "order", "symbol": "AMZN", "side": "SELL", "qty": 10, "price": 107.09, "sentiment": 22, "timestamp": 1762737700.82608}
{"type": "order", "symbol": "MSFT", "side": "BUY", "qty": 10, "price": 174.53, "sentiment": 100, "timestamp": 1762737703.086175}
{"type": "order", "symbol": "MSFT", "side": "SELL", "qty": 10, "price": 173.01, "sentiment": 25, "timestamp": 1762737704.120509}
{"type": "order", "symbol": "AMZN", "side": "BUY", "qty": 10, "price": 107.45, "sentiment": 92, "timestamp": 1762737705.150312}
{"type": "order", "symbol": "AMZN", "side": "SELL", "qty": 10, "price": 106.27, "sentiment": 29, "timestamp": 1762737707.011332}
{"type": "order", "symbol": "AAPL", "side": "BUY", "qty": 10, "price": 350.6, "sentiment": 77, "timestamp": 1762737707.63115}
{"type": "order", "symbol": "MSFT", "side": "BUY", "qty": 10, "price": 174.92, "sentiment": 77, "timestamp": 1762737707.63165}
{"type": "order", "symbol": "AMZN", "side": "BUY", "qty": 10, "price": 108.49, "sentiment": 91, "timestamp": 1762737709.281848}
{"type": "order", "symbol": "AAPL", "side": "SELL", "qty": 10, "price": 355.78, "sentiment": 2, "timestamp": 1762737712.572683}
{"type": "order", "symbol": "AMZN", "side": "SELL", "qty": 10, "price": 107.24, "sentiment": 19, "timestamp": 1762737714.431801}
{"type": "order", "symbol": "AAPL", "side": "BUY", "qty": 10, "price": 357.3, "sentiment": 85, "timestamp": 1762737715.25087}
{"type": "order", "symbol": "AAPL", "side": "SELL", "qty": 10, "price": 351.17, "sentiment": 8, "timestamp": 1762737716.691218}
{"type": "order", "symbol": "MSFT", "side": "SELL", "qty": 10, "price": 177.95, "sentiment": 8, "timestamp": 1762737716.691757}
{"type": "order", "symbol": "MSFT", "side": "BUY", "qty": 10, "price": 180.1, "sentiment": 80, "timestamp": 1762737719.168631}
{"type": "order", "symbol": "AMZN", "side": "BUY", "qty": 10, "price": 107.27, "sentiment": 100, "timestamp": 1762737721.4298398}
{"type": "order", "symbol": "AAPL", "side": "BUY", "qty": 10, "price": 357.49, "sentiment": 84, "timestamp": 1762737722.459415}
{"type": "order", "symbol": "AMZN", "side": "SELL", "qty": 10, "price": 106.34, "sentiment": 26, "timestamp": 1762737723.689805}
{"type": "order", "symbol": "AMZN", "side": "BUY", "qty": 10, "price": 107.85, "sentiment": 71, "timestamp": 1762737724.30267}
{"type": "order", "symbol": "MSFT", "side": "SELL", "qty": 10, "price": 185.49, "sentiment": 27, "timestamp": 1762737728.834378}
{"type": "order", "symbol": "AAPL", "side": "SELL", "qty": 10, "price": 359.39, "sentiment": 31, "timestamp": 1762737730.274913}
{"type": "order", "symbol": "AMZN", "side": "SELL", "qty": 10, "price": 110.57, "sentiment": 31, "timestamp": 1762737730.275098}
{"type": "order", "symbol": "MSFT", "side": "BUY", "qty": 10, "price": 185.07, "sentiment": 71, "timestamp": 1762737732.979506}
{"type": "order", "symbol": "MSFT", "side": "SELL", "qty": 10, "price": 183.23, "sentiment": 2, "timestamp": 1762737733.807679}
{"type": "order", "symbol": "AAPL", "side": "BUY", "qty": 10, "price": 361.29, "sentiment": 66, "timestamp": 1762737734.840746}
{"type": "order", "symbol": "MSFT", "side": "BUY", "qty": 10, "price": 184.06, "sentiment": 66, "timestamp": 1762737734.841557}
{"type": "order", "symbol": "AMZN", "side": "BUY", "qty": 10, "price": 108.91, "sentiment": 66, "timestamp": 1762737734.841944}
{"type": "order", "symbol": "AAPL", "side": "SELL", "qty": 10, "price": 353.92, "sentiment": 38, "timestamp": 1762737736.9006798}
{"type": "order", "symbol": "AMZN", "side": "SELL", "qty": 10, "price": 108.51, "sentiment": 38, "timestamp": 1762737737.108792}
{"type": "order", "symbol": "MSFT", "side": "SELL", "qty": 10, "price": 184.51, "sentiment": 30, "timestamp": 1762737738.756329}
{"type": "order", "symbol": "AAPL", "side": "BUY", "qty": 10, "price": 356.49, "sentiment": 68, "timestamp": 1762737738.9611158}
{"type": "order", "symbol": "AMZN", "side": "BUY", "qty": 10, "price": 110.07, "sentiment": 74, "timestamp": 1762737742.4613929}
{"type": "order", "symbol": "AAPL", "side": "SELL", "qty": 10, "price": 355.93, "sentiment": 8, "timestamp": 1762737743.4831}
{"type": "order", "symbol": "MSFT", "side": "BUY", "qty": 10, "price": 185.98, "sentiment": 67, "timestamp": 1762737744.513959}
{"type": "order", "symbol": "MSFT", "side": "SELL", "qty": 10, "price": 180.47, "sentiment": 11, "timestamp": 1762737746.36988}
{"type": "order", "symbol": "AMZN", "side": "SELL", "qty": 10, "price": 110.62, "sentiment": 11, "timestamp": 1762737746.369993}
{"type": "order", "symbol": "AMZN", "side": "BUY", "qty": 10, "price": 111.16, "sentiment": 94, "timestamp": 1762737747.398429}
{"type": "order", "symbol": "AMZN", "side": "SELL", "qty": 10, "price": 111.08, "sentiment": 22, "timestamp": 1762737749.670485}
{"type": "order", "symbol": "AMZN", "side": "BUY", "qty": 10, "price": 112.65, "sentiment": 90, "timestamp": 1762737750.496371}
{"type": "order", "symbol": "AAPL", "side": "BUY", "qty": 10, "price": 355.03, "sentiment": 100, "timestamp": 1762737751.938829}
{"type": "order", "symbol": "MSFT", "side": "BUY", "qty": 10, "price": 178.87, "sentiment": 100, "timestamp": 1762737751.9392269}
{"type": "order", "symbol": "AMZN", "side": "SELL", "qty": 10, "price": 111.93, "sentiment": 11, "timestamp": 1762737754.200876}
{"type": "order", "symbol": "AAPL", "side": "SELL", "qty": 10, "price": 350.17, "sentiment": 26, "timestamp": 1762737754.406185}
{"type": "order", "symbol": "AAPL", "side": "BUY", "qty": 10, "price": 354.69, "sentiment": 73, "timestamp": 1762737755.229279}
{"type": "order", "symbol": "MSFT", "side": "SELL", "qty": 10, "price": 179.74, "sentiment": 7, "timestamp": 1762737755.640815}
{"type": "order", "symbol": "AAPL", "side": "SELL", "qty": 10, "price": 352.44, "sentiment": 7, "timestamp": 1762737758.107266}
{"type": "order", "symbol": "AMZN", "side": "BUY", "qty": 10, "price": 116.56, "sentiment": 99, "timestamp": 1762737758.514933}
{"type": "order", "symbol": "MSFT", "side": "BUY", "qty": 10, "price": 179.82, "sentiment": 99, "timestamp": 1762737759.337989}
{"type": "order", "symbol": "AAPL", "side": "BUY", "qty": 10, "price": 356.58, "sentiment": 72, "timestamp": 1762737762.0264509}
{"type": "order", "symbol": "MSFT", "side": "SELL", "qty": 10, "price": 179.93, "sentiment": 39, "timestamp": 1762737766.158856}
{"type": "order", "symbol": "AMZN", "side": "SELL", "qty": 10, "price": 114.49, "sentiment": 39, "timestamp": 1762737766.1597881}
{"type": "order", "symbol": "AMZN", "side": "BUY", "qty": 10, "price": 115.67, "sentiment": 69, "timestamp": 1762737766.572778}
{"type": "order", "symbol": "MSFT", "side": "BUY", "qty": 10, "price": 180.73, "sentiment": 69, "timestamp": 1762737766.778631}
{"type": "order", "symbol": "AMZN", "side": "SELL", "qty": 10, "price": 113.93, "sentiment": 8, "timestamp": 1762737768.859221}
{"type": "order", "symbol": "MSFT", "side": "SELL", "qty": 10, "price": 179.95, "sentiment": 1, "timestamp": 1762737769.0667882}
{"type": "order", "symbol": "MSFT", "side": "BUY", "qty": 10, "price": 181.65, "sentiment": 85, "timestamp": 1762737769.682291}
{"type": "order", "symbol": "MSFT", "side": "SELL", "qty": 10, "price": 180.45, "sentiment": 34, "timestamp": 1762737770.9244401}
{"type": "order", "symbol": "AAPL", "side": "SELL", "qty": 10, "price": 364.75, "sentiment": 20, "timestamp": 1762737772.575847}
{"type": "order", "symbol": "AAPL", "side": "BUY", "qty": 10, "price": 363.23, "sentiment": 78, "timestamp": 1762737776.098806}
{"type": "order", "symbol": "AMZN", "side": "BUY", "qty": 10, "price": 110.58, "sentiment": 78, "timestamp": 1762737776.099827}
{"type": "order", "symbol": "AMZN", "side": "SELL", "qty": 10, "price": 110.35, "sentiment": 10, "timestamp": 1762737778.173459}
{"type": "order", "symbol": "MSFT", "side": "BUY", "qty": 10, "price": 177.24, "sentiment": 81, "timestamp": 1762737778.792174}
{"type": "order", "symbol": "AMZN", "side": "BUY", "qty": 10, "price": 111.32, "sentiment": 63, "timestamp": 1762737780.2356632}
{"type": "order", "symbol": "MSFT", "side": "SELL", "qty": 10, "price": 177.61, "sentiment": 4, "timestamp": 1762737780.857589}
{"type": "order", "symbol": "MSFT", "side": "BUY", "qty": 10, "price": 177.36, "sentiment": 99, "timestamp": 1762737781.2741692}
{"type": "order", "symbol": "MSFT", "side": "SELL", "qty": 10, "price": 176.84, "sentiment": 0, "timestamp": 1762737782.92643}
{"type": "order", "symbol": "AMZN", "side": "SELL", "qty": 10, "price": 110.36, "sentiment": 6, "timestamp": 1762737783.544393}
{"type": "order", "symbol": "MSFT", "side": "BUY", "qty": 10, "price": 178.65, "sentiment": 63, "timestamp": 1762737784.166183}
{"type": "order", "symbol": "AAPL", "side": "SELL", "qty": 10, "price": 373.26, "sentiment": 33, "timestamp": 1762737784.782945}
{"type": "order", "symbol": "AAPL", "side": "BUY", "qty": 10, "price": 378.45, "sentiment": 85, "timestamp": 1762737785.406883}
{"type": "order", "symbol": "AMZN", "side": "BUY", "qty": 10, "price": 108.55, "sentiment": 88, "timestamp": 1762737790.3507462}
{"type": "order", "symbol": "AAPL", "side": "SELL", "qty": 10, "price": 379.14, "sentiment": 37, "timestamp": 1762737790.762468}
{"type": "order", "symbol": "MSFT", "side": "SELL", "qty": 10, "price": 180.65, "sentiment": 37, "timestamp": 1762737790.764668}
{"type": "order", "symbol": "AAPL", "side": "BUY", "qty": 10, "price": 390.0, "sentiment": 92, "timestamp": 1762737793.8758888}
{"type": "order", "symbol": "MSFT", "side": "BUY", "qty": 10, "price": 184.07, "sentiment": 92, "timestamp": 1762737793.8762481}
{"type": "order", "symbol": "AAPL", "side": "SELL", "qty": 10, "price": 378.35, "sentiment": 23, "timestamp": 1762737796.356229}
{"type": "order", "symbol": "MSFT", "side": "SELL", "qty": 10, "price": 182.73, "sentiment": 23, "timestamp": 1762737796.356473}
{"type": "order", "symbol": "AMZN", "side": "SELL", "qty": 10, "price": 107.86, "sentiment": 23, "timestamp": 1762737796.356591}
{"type": "order", "symbol": "AMZN", "side": "BUY", "qty": 10, "price": 108.73, "sentiment": 94, "timestamp": 1762737797.178634}
{"type": "order", "symbol": "AMZN", "side": "SELL", "qty": 10, "price": 106.07, "sentiment": 30, "timestamp": 1762737797.999893}
{"type": "order", "symbol": "AAPL", "side": "BUY", "qty": 10, "price": 385.79, "sentiment": 81, "timestamp": 1762737800.8817909}
{"type": "order", "symbol": "AMZN", "side": "BUY", "qty": 10, "price": 104.46, "sentiment": 65, "timestamp": 1762737802.330645}
{"type": "order", "symbol": "AAPL", "side": "SELL", "qty": 10, "price": 373.77, "sentiment": 39, "timestamp": 1762737803.983834}
{"type": "order", "symbol": "MSFT", "side": "BUY", "qty": 10, "price": 181.2, "sentiment": 79, "timestamp": 1762737804.393831}
{"type": "order", "symbol": "AAPL", "side": "BUY", "qty": 10, "price": 381.0, "sentiment": 89, "timestamp": 1762737805.429457}
{"type": "order", "symbol": "MSFT", "side": "SELL", "qty": 10, "price": 180.26, "sentiment": 16, "timestamp": 1762737807.496761}
{"type": "order", "symbol": "AMZN", "side": "SELL", "qty": 10, "price": 104.49, "sentiment": 16, "timestamp": 1762737807.497535}
{"type": "order", "symbol": "AMZN", "side": "BUY", "qty": 10, "price": 105.35, "sentiment": 68, "timestamp": 1762737808.32873}
{"type": "order", "symbol": "AAPL", "side": "SELL", "qty": 10, "price": 382.19, "sentiment": 11, "timestamp": 1762737809.159126}
{"type": "order", "symbol": "MSFT", "side": "BUY", "qty": 10, "price": 183.34, "sentiment": 86, "timestamp": 1762737811.4234161}
{"type": "order", "symbol": "AMZN", "side": "SELL", "qty": 10, "price": 105.33, "sentiment": 35, "timestamp": 1762737812.868896}
{"type": "order", "symbol": "MSFT", "side": "SELL", "qty": 10, "price": 180.72, "sentiment": 10, "timestamp": 1762737813.902903}
{"type": "order", "symbol": "AAPL", "side": "BUY", "qty": 10, "price": 376.23, "sentiment": 98, "timestamp": 1762737814.9347231}
{"type": "order", "symbol": "MSFT", "side": "BUY", "qty": 10, "price": 184.13, "sentiment": 98, "timestamp": 1762737815.14138}
{"type": "order", "symbol": "MSFT", "side": "SELL", "qty": 10, "price": 182.3, "sentiment": 1, "timestamp": 1762737820.95711}
{"type": "order", "symbol": "AMZN", "side": "BUY", "qty": 10, "price": 101.24, "sentiment": 71, "timestamp": 1762737823.0265229}
{"type": "order", "symbol": "AMZN", "side": "SELL", "qty": 10, "price": 99.63, "sentiment": 12, "timestamp": 1762737824.060568}
{"type": "order", "symbol": "MSFT", "side": "BUY", "qty": 10, "price": 183.69, "sentiment": 89, "timestamp": 1762737827.57567}
{"type": "order", "symbol": "MSFT", "side": "SELL", "qty": 10, "price": 179.22, "sentiment": 23, "timestamp": 1762737829.6368709}
{"type": "order", "symbol": "AAPL", "side": "SELL", "qty": 10, "price": 396.13, "sentiment": 12, "timestamp": 1762737830.66827}
{"type": "order", "symbol": "MSFT", "side": "BUY", "qty": 10, "price": 179.65, "sentiment": 70, "timestamp": 1762737832.740661}
{"type": "order", "symbol": "AAPL", "side": "BUY", "qty": 10, "price": 398.89, "sentiment": 70, "timestamp": 1762737832.950163}
{"type": "order", "symbol": "AMZN", "side": "BUY", "qty": 10, "price": 97.02, "sentiment": 70, "timestamp": 1762737832.950884}
{"type": "order", "symbol": "AAPL", "side": "SELL", "qty": 10, "price": 391.86, "sentiment": 36, "timestamp": 1762737833.983364}
{"type": "order", "symbol": "AAPL", "side": "BUY", "qty": 10, "price": 399.64, "sentiment": 98, "timestamp": 1762737835.631058}
{"type": "order", "symbol": "AMZN", "side": "SELL", "qty": 10, "price": 96.52, "sentiment": 4, "timestamp": 1762737836.252353}
{"type": "order", "symbol": "AAPL", "side": "SELL", "qty": 10, "price": 391.86, "sentiment": 35, "timestamp": 1762737838.110395}
{"type": "order", "symbol": "MSFT", "side": "SELL", "qty": 10, "price": 184.47, "sentiment": 9, "timestamp": 1762737840.163193}
{"type": "order", "symbol": "AMZN", "side": "BUY", "qty": 10, "price": 95.0, "sentiment": 99, "timestamp": 1762737842.629958}
{"type": "order", "symbol": "AAPL", "side": "BUY", "qty": 10, "price": 396.47, "sentiment": 99, "timestamp": 1762737843.041823}
{"type": "order", "symbol": "AAPL", "side": "SELL", "qty": 10, "price": 402.95, "sentiment": 13, "timestamp": 1762737849.8661828}
{"type": "order", "symbol": "AAPL", "side": "BUY", "qty": 10, "price": 399.11, "sentiment": 81, "timestamp": 1762737850.2770371}
{"type": "order", "symbol": "MSFT", "side": "BUY", "qty": 10, "price": 187.68, "sentiment": 81, "timestamp": 1762737850.277204}
{"type": "order", "symbol": "AAPL", "side": "SELL", "qty": 10, "price": 397.02, "sentiment": 36, "timestamp": 1762737850.6898}
{"type": "order", "symbol": "MSFT", "side": "SELL", "qty": 10, "price": 183.61, "sentiment": 35, "timestamp": 1762737854.8132322}
{"type": "order", "symbol": "AMZN", "side": "SELL", "qty": 10, "price": 100.2, "sentiment": 35, "timestamp": 1762737854.813581}
{"type": "order", "symbol": "AAPL", "side": "BUY", "qty": 10, "price": 404.0, "sentiment": 94, "timestamp": 1762737856.2487838}
{"type": "order", "symbol": "AAPL", "side": "SELL", "qty": 10, "price": 402.12, "sentiment": 14, "timestamp": 1762737860.151859}
{"type": "order", "symbol": "AMZN", "side": "BUY", "qty": 10, "price": 99.81, "sentiment": 76, "timestamp": 1762737860.359143}
{"type": "order", "symbol": "MSFT", "side": "BUY", "qty": 10, "price": 183.33, "sentiment": 64, "timestamp": 1762737861.801257}
{"type": "order", "symbol": "AMZN", "side": "SELL", "qty": 10, "price": 98.55, "sentiment": 38, "timestamp": 1762737862.4216168}
{"type": "order", "symbol": "AAPL", "side": "BUY", "qty": 10, "price": 406.73, "sentiment": 80, "timestamp": 1762737863.862832}
{"type": "order", "symbol": "AMZN", "side": "BUY", "qty": 10, "price": 99.0, "sentiment": 83, "timestamp": 1762737865.308764}
{"type": "order", "symbol": "AMZN", "side": "SELL", "qty": 10, "price": 97.17, "sentiment": 28, "timestamp": 1762737867.99215}
{"type": "order", "symbol": "MSFT", "side": "SELL", "qty": 10, "price": 185.08, "sentiment": 35, "timestamp": 1762737869.2369769}
{"type": "order", "symbol": "AMZN", "side": "BUY", "qty": 10, "price": 98.42, "sentiment": 84, "timestamp": 1762737869.441823}
{"type": "order", "symbol": "MSFT", "side": "BUY", "qty": 10, "price": 186.59, "sentiment": 88, "timestamp": 1762737871.099731}
{"type": "order", "symbol": "MSFT", "side": "SELL", "qty": 10, "price": 185.22, "sentiment": 21, "timestamp": 1762737872.541713}
{"type": "order", "symbol": "AMZN", "side": "SELL", "qty": 10, "price": 96.99, "sentiment": 21, "timestamp": 1762737872.542208}
{"type": "order", "symbol": "MSFT", "side": "BUY", "qty": 10, "price": 184.22, "sentiment": 75, "timestamp": 1762737873.37107}
{"type": "order", "symbol": "AMZN", "side": "BUY", "qty": 10, "price": 98.05, "sentiment": 75, "timestamp": 1762737873.577576}
{"type": "order", "symbol": "MSFT", "side": "SELL", "qty": 10, "price": 183.64, "sentiment": 22, "timestamp": 1762737874.40841}
{"type": "order", "symbol": "AAPL", "side": "SELL", "qty": 10, "price": 431.9, "sentiment": 22, "timestamp": 1762737874.618918}
{"type": "order", "symbol": "AAPL", "side": "BUY", "qty": 10, "price": 435.36, "sentiment": 86, "timestamp": 1762737876.675668}
{"type": "order", "symbol": "AAPL", "side": "SELL", "qty": 10, "price": 437.96, "sentiment": 31, "timestamp": 1762737877.4999459}
{"type": "order", "symbol": "AMZN", "side": "SELL", "qty": 10, "price": 100.29, "sentiment": 10, "timestamp": 1762737879.367599}
{"type": "order", "symbol": "MSFT", "side": "BUY", "qty": 10, "price": 181.69, "sentiment": 68, "timestamp": 1762737880.610525}
{"type": "order", "symbol": "MSFT", "side": "SELL", "qty": 10, "price": 180.56, "sentiment": 38, "timestamp": 1762737883.100408}
{"type": "order", "symbol": "AAPL", "side": "BUY", "qty": 10, "price": 433.87, "sentiment": 73, "timestamp": 1762737883.516895}
{"type": "order", "symbol": "MSFT", "side": "BUY", "qty": 10, "price": 182.1, "sentiment": 92, "timestamp": 1762737883.9322371}
{"type": "order", "symbol": "AMZN", "side": "BUY", "qty": 10, "price": 97.39, "sentiment": 72, "timestamp": 1762737885.978285}
{"type": "order", "symbol": "AAPL", "side": "SELL", "qty": 10, "price": 439.68, "sentiment": 15, "timestamp": 1762737889.075375}
{"type": "order", "symbol": "MSFT", "side": "SELL", "qty": 10, "price": 180.66, "sentiment": 15, "timestamp": 1762737889.075538}
{"type": "order", "symbol": "AMZN", "side": "SELL", "qty": 10, "price": 95.03, "sentiment": 15, "timestamp": 1762737889.0755851}
{"type": "order", "symbol": "MSFT", "side": "BUY", "qty": 10, "price": 182.01, "sentiment": 75, "timestamp": 1762737889.697195}
{"type": "order", "symbol": "MSFT", "side": "SELL", "qty": 10, "price": 180.05, "sentiment": 13, "timestamp": 1762737890.3154309}
{"type": "order", "symbol": "MSFT", "side": "BUY", "qty": 10, "price": 182.75, "sentiment": 61, "timestamp": 1762737891.14538}
{"type": "order", "symbol": "MSFT", "side": "SELL", "qty": 10, "price": 180.69, "sentiment": 10, "timestamp": 1762737891.975827}
{"type": "order", "symbol": "AAPL", "side": "BUY", "qty": 10, "price": 443.4, "sentiment": 88, "timestamp": 1762737894.049092}
{"type": "order", "symbol": "AMZN", "side": "BUY", "qty": 10, "price": 95.7, "sentiment": 88, "timestamp": 1762737894.0498629}
{"type": "order", "symbol": "AMZN", "side": "SELL", "qty": 10, "price": 96.06, "sentiment": 25, "timestamp": 1762737897.556839}
{"type": "order", "symbol": "MSFT", "side": "BUY", "qty": 10, "price": 187.55, "sentiment": 79, "timestamp": 1762737898.1739678}
{"type": "order", "symbol": "AAPL", "side": "SELL", "qty": 10, "price": 448.3, "sentiment": 5, "timestamp": 1762737900.2277288}
{"type": "order", "symbol": "MSFT", "side": "SELL", "qty": 10, "price": 184.1, "sentiment": 5, "timestamp": 1762737900.432108}
{"type": "order", "symbol": "AAPL", "side": "BUY", "qty": 10, "price": 447.89, "sentiment": 92, "timestamp": 1762737902.077096}
{"type": "order", "symbol": "MSFT", "side": "BUY", "qty": 10, "price": 187.42, "sentiment": 92, "timestamp": 1762737902.077219}
{"type": "order", "symbol": "AAPL", "side": "SELL", "qty": 10, "price": 442.4, "sentiment": 18, "timestamp": 1762737903.725773}
{"type": "order", "symbol": "MSFT", "side": "SELL", "qty": 10, "price": 186.74, "sentiment": 26, "timestamp": 1762737904.978362}
{"type": "order", "symbol": "MSFT", "side": "BUY", "qty": 10, "price": 187.04, "sentiment": 96, "timestamp": 1762737905.608108}
{"type": "order", "symbol": "AAPL", "side": "BUY", "qty": 10, "price": 443.99, "sentiment": 74, "timestamp": 1762737906.637714}
{"type": "order", "symbol": "MSFT", "side": "SELL", "qty": 10, "price": 187.55, "sentiment": 2, "timestamp": 1762737907.658037}
{"type": "order", "symbol": "AMZN", "side": "BUY", "qty": 10, "price": 92.47, "sentiment": 100, "timestamp": 1762737909.7152882}
{"type": "order", "symbol": "AAPL", "side": "SELL", "qty": 10, "price": 444.55, "sentiment": 25, "timestamp": 1762737912.185659}
{"type": "order", "symbol": "AMZN", "side": "SELL", "qty": 10, "price": 91.62, "sentiment": 25, "timestamp": 1762737912.185955}
{"type": "order", "symbol": "MSFT", "side": "BUY", "qty": 10, "price": 185.89, "sentiment": 87, "timestamp": 1762737915.265471}
{"type": "order", "symbol": "AMZN", "side": "BUY", "qty": 10, "price": 92.24, "sentiment": 87, "timestamp": 1762737915.265718}
{"type": "order", "symbol": "MSFT", "side": "SELL", "qty": 10, "price": 184.42, "sentiment": 8, "timestamp": 1762737916.711204}
{"type": "order", "symbol": "AMZN", "side": "SELL", "qty": 10, "price": 90.11, "sentiment": 8, "timestamp": 1762737916.7116978}
{"type": "order", "symbol": "AAPL", "side": "BUY", "qty": 10, "price": 436.73, "sentiment": 96, "timestamp": 1762737917.3265212}
{"type": "order", "symbol": "MSFT", "side": "BUY", "qty": 10, "price": 186.88, "sentiment": 82, "timestamp": 1762737918.767074}
{"type": "order", "symbol": "MSFT", "side": "SELL", "qty": 10, "price": 184.9, "sentiment": 9, "timestamp": 1762737922.885942}
{"type": "order", "symbol": "AMZN", "side": "BUY", "qty": 10, "price": 87.96, "sentiment": 82, "timestamp": 1762737924.332213}
{"type": "order", "symbol": "AAPL", "side": "SELL", "qty": 10, "price": 449.17, "sentiment": 6, "timestamp": 1762737924.948864}
{"type": "order", "symbol": "AAPL", "side": "BUY", "qty": 10, "price": 452.47, "sentiment": 89, "timestamp": 1762737925.566873}
{"type": "order", "symbol": "MSFT", "side": "BUY", "qty": 10, "price": 185.73, "sentiment": 69, "timestamp": 1762737925.978421}
{"type": "order", "symbol": "AMZN", "side": "SELL", "qty": 10, "price": 89.31, "sentiment": 10, "timestamp": 1762737926.8069918}
{"type": "order", "symbol": "AMZN", "side": "BUY", "qty": 10, "price": 88.75, "sentiment": 96, "timestamp": 1762737929.490858}
{"type": "order", "symbol": "MSFT", "side": "SELL", "qty": 10, "price": 184.37, "sentiment": 22, "timestamp": 1762737930.928681}
{"type": "order", "symbol": "AMZN", "side": "SELL", "qty": 10, "price": 88.91, "sentiment": 22, "timestamp": 1762737930.928992}
{"type": "order", "symbol": "AAPL", "side": "SELL", "qty": 10, "price": 466.98, "sentiment": 22, "timestamp": 1762737931.135297}
{"type": "order", "symbol": "AAPL", "side": "BUY", "qty": 10, "price": 475.14, "sentiment": 72, "timestamp": 1762737933.193991}
{"type": "order", "symbol": "MSFT", "side": "BUY", "qty": 10, "price": 185.64, "sentiment": 82, "timestamp": 1762737933.400725}
{"type": "order", "symbol": "MSFT", "side": "SELL", "qty": 10, "price": 183.29, "sentiment": 15, "timestamp": 1762737934.842879}
{"type": "order", "symbol": "AAPL", "side": "SELL", "qty": 10, "price": 477.84, "sentiment": 9, "timestamp": 1762737936.488672}
{"type": "order", "symbol": "AMZN", "side": "BUY", "qty": 10, "price": 86.4, "sentiment": 68, "timestamp": 1762737937.515323}
{"type": "order", "symbol": "AAPL", "side": "BUY", "qty": 10, "price": 481.64, "sentiment": 68, "timestamp": 1762737937.719433}
{"type": "order", "symbol": "AMZN", "side": "SELL", "qty": 10, "price": 85.75, "sentiment": 8, "timestamp": 1762737938.3396711}
{"type": "order", "symbol": "MSFT", "side": "BUY", "qty": 10, "price": 181.82, "sentiment": 83, "timestamp": 1762737939.9735181}
{"type": "order", "symbol": "AAPL", "side": "SELL", "qty": 10, "price": 485.56, "sentiment": 28, "timestamp": 1762737942.439221}
{"type": "order", "symbol": "AAPL", "side": "BUY", "qty": 10, "price": 482.87, "sentiment": 90, "timestamp": 1762737943.466142}
{"type": "order", "symbol": "MSFT", "side": "SELL", "qty": 10, "price": 181.3, "sentiment": 25, "timestamp": 1762737946.557824}
{"type": "order", "symbol": "AMZN", "side": "BUY", "qty": 10, "price": 82.51, "sentiment": 79, "timestamp": 1762737947.588463}
{"type": "order", "symbol": "AMZN", "side": "SELL", "qty": 10, "price": 81.29, "sentiment": 7, "timestamp": 1762737948.2086852}
{"type": "order", "symbol": "AAPL", "side": "SELL", "qty": 10, "price": 496.2, "sentiment": 7, "timestamp": 1762737948.4157288}
{"type": "order", "symbol": "MSFT", "side": "BUY", "qty": 10, "price": 180.65, "sentiment": 71, "timestamp": 1762737949.0292668}
{"type": "order", "symbol": "MSFT", "side": "SELL", "qty": 10, "price": 177.93, "sentiment": 24, "timestamp": 1762737950.06269}
{"type": "order", "symbol": "AAPL", "side": "BUY", "qty": 10, "price": 493.83, "sentiment": 89, "timestamp": 1762737951.081179}
{"type": "order", "symbol": "AAPL", "side": "SELL", "qty": 10, "price": 493.27, "sentiment": 38, "timestamp": 1762737951.905819}
{"type": "order", "symbol": "AAPL", "side": "BUY", "qty": 10, "price": 495.48, "sentiment": 82, "timestamp": 1762737952.108661}
{"type": "order", "symbol": "MSFT", "side": "BUY", "qty": 10, "price": 179.0, "sentiment": 97, "timestamp": 1762737954.160307}
{"type": "order", "symbol": "AMZN", "side": "BUY", "qty": 10, "price": 75.31, "sentiment": 96, "timestamp": 1762737955.601994}
{"type": "order", "symbol": "AMZN", "side": "SELL", "qty": 10, "price": 74.67, "sentiment": 22, "timestamp": 1762737962.20088}
{"type": "order", "symbol": "AAPL", "side": "SELL", "qty": 10, "price": 550.13, "sentiment": 29, "timestamp": 1762737966.151316}
{"type": "order", "symbol": "AAPL", "side": "BUY", "qty": 10, "price": 567.93, "sentiment": 82, "timestamp": 1762737968.2132401}
{"type": "order", "symbol": "AMZN", "side": "BUY", "qty": 10, "price": 75.79, "sentiment": 82, "timestamp": 1762737968.213495}
{"type": "order", "symbol": "AAPL", "side": "SELL", "qty": 10, "price": 552.64, "sentiment": 17, "timestamp": 1762737970.267731}
{"type": "order", "symbol": "MSFT", "side": "SELL", "qty": 10, "price": 202.91, "sentiment": 34, "timestamp": 1762737976.037517}
{"type": "order", "symbol": "AMZN", "side": "SELL", "qty": 10, "price": 80.76, "sentiment": 11, "timestamp": 1762737979.353465}
{"type": "order", "symbol": "MSFT", "side": "BUY", "qty": 10, "price": 202.24, "sentiment": 100, "timestamp": 1762737979.7689202}
{"type": "order", "symbol": "AMZN", "side": "BUY", "qty": 10, "price": 82.74, "sentiment": 69, "timestamp": 1762737980.383589}
{"type": "order", "symbol": "AAPL", "side": "BUY", "qty": 10, "price": 513.77, "sentiment": 94, "timestamp": 1762737980.809833}
{"type": "order", "symbol": "MSFT", "side": "SELL", "qty": 10, "price": 202.6, "sentiment": 24, "timestamp": 1762737981.843701}
{"type": "order", "symbol": "AAPL", "side": "SELL", "qty": 10, "price": 513.1, "sentiment": 1, "timestamp": 1762737984.3081899}
{"type": "order", "symbol": "AMZN", "side": "SELL", "qty": 10, "price": 87.09, "sentiment": 34, "timestamp": 1762737985.9601622}
{"type": "order", "symbol": "AAPL", "side": "BUY", "qty": 10, "price": 528.08, "sentiment": 100, "timestamp": 1762737987.40128}
{"type": "order", "symbol": "MSFT", "side": "BUY", "qty": 10, "price": 201.67, "sentiment": 100, "timestamp": 1762737987.4014752}
{"type": "order", "symbol": "AMZN", "side": "BUY", "qty": 10, "price": 89.77, "sentiment": 100, "timestamp": 1762737987.4015732}
{"type": "order", "symbol": "MSFT", "side": "SELL", "qty": 10, "price": 195.7, "sentiment": 31, "timestamp": 1762737988.842756}
{"type": "order", "symbol": "AMZN", "side": "SELL", "qty": 10, "price": 87.98, "sentiment": 32, "timestamp": 1762737989.456419}
{"type": "order", "symbol": "AAPL", "side": "SELL", "qty": 10, "price": 530.03, "sentiment": 32, "timestamp": 1762737989.6629472}
{"type": "order", "symbol": "AAPL", "side": "BUY", "qty": 10, "price": 542.99, "sentiment": 94, "timestamp": 1762737990.900092}
{"type": "order", "symbol": "AMZN", "side": "BUY", "qty": 10, "price": 88.91, "sentiment": 94, "timestamp": 1762737990.9004211}
{"type": "order", "symbol": "MSFT", "side": "BUY", "qty": 10, "price": 192.47, "sentiment": 93, "timestamp": 1762737994.005894}
{"type": "order", "symbol": "MSFT", "side": "SELL", "qty": 10, "price": 191.78, "sentiment": 0, "timestamp": 1762737997.5265799}
{"type": "order", "symbol": "MSFT", "side": "BUY", "qty": 10, "price": 193.13, "sentiment": 99, "timestamp": 1762737998.9699688}
{"type": "order", "symbol": "AAPL", "side": "SELL", "qty": 10, "price": 519.56, "sentiment": 32, "timestamp": 1762738001.044532}
{"type": "order", "symbol": "AMZN", "side": "SELL", "qty": 10, "price": 98.76, "sentiment": 37, "timestamp": 1762738004.346994}
{"type": "order", "symbol": "AAPL", "side": "BUY", "qty": 10, "price": 525.38, "sentiment": 97, "timestamp": 1762738004.968263}
{"type": "order", "symbol": "AMZN", "side": "BUY", "qty": 10, "price": 99.33, "sentiment": 97, "timestamp": 1762738004.968502}
{"type": "order", "symbol": "MSFT", "side": "SELL", "qty": 10, "price": 200.56, "sentiment": 18, "timestamp": 1762738006.828087}
{"type": "order", "symbol": "MSFT", "side": "BUY", "qty": 10, "price": 202.21, "sentiment": 72, "timestamp": 1762738007.034967}
{"type": "order", "symbol": "AMZN", "side": "SELL", "qty": 10, "price": 99.27, "sentiment": 1, "timestamp": 1762738008.079508}
{"type": "order", "symbol": "AAPL", "side": "SELL", "qty": 10, "price": 524.96, "sentiment": 25, "timestamp": 1762738010.1505}
{"type": "order", "symbol": "AMZN", "side": "BUY", "qty": 10, "price": 98.99, "sentiment": 88, "timestamp": 1762738012.011648}
{"type": "order", "symbol": "MSFT", "side": "SELL", "qty": 10, "price": 205.37, "sentiment": 34, "timestamp": 1762738013.045269}
{"type": "order", "symbol": "AMZN", "side": "SELL", "qty": 10, "price": 98.11, "sentiment": 25, "timestamp": 1762738014.9011729}
{"type": "order", "symbol": "AAPL", "side": "BUY", "qty": 10, "price": 522.31, "sentiment": 75, "timestamp": 1762738015.109983}
{"type": "order", "symbol": "MSFT", "side": "BUY", "qty": 10, "price": 207.49, "sentiment": 69, "timestamp": 1762738016.1482172}
{"type": "order", "symbol": "AAPL", "side": "SELL", "qty": 10, "price": 511.23, "sentiment": 20, "timestamp": 1762738016.559526}
{"type": "order", "symbol": "MSFT", "side": "SELL", "qty": 10, "price": 207.83, "sentiment": 22, "timestamp": 1762738020.704254}
{"type": "order", "symbol": "MSFT", "side": "BUY", "qty": 10, "price": 210.93, "sentiment": 75, "timestamp": 1762738021.740266}
{"type": "order", "symbol": "AMZN", "side": "BUY", "qty": 10, "price": 93.4, "sentiment": 75, "timestamp": 1762738021.740881}
{"type": "order", "symbol": "MSFT", "side": "SELL", "qty": 10, "price": 208.41, "sentiment": 29, "timestamp": 1762738022.567371}
{"type": "order", "symbol": "AAPL", "side": "BUY", "qty": 10, "price": 496.2, "sentiment": 63, "timestamp": 1762738025.255774}
{"type": "order", "symbol": "AMZN", "side": "SELL", "qty": 10, "price": 93.67, "sentiment": 10, "timestamp": 1762738027.120647}
{"type": "order", "symbol": "AMZN", "side": "BUY", "qty": 10, "price": 93.7, "sentiment": 70, "timestamp": 1762738027.536127}
{"type": "order", "symbol": "AMZN", "side": "SELL", "qty": 10, "price": 93.5, "sentiment": 6, "timestamp": 1762738028.575274}
{"type": "order", "symbol": "MSFT", "side": "BUY", "qty": 10, "price": 199.51, "sentiment": 85, "timestamp": 1762738030.852206}
{"type": "order", "symbol": "AMZN", "side": "BUY", "qty": 10, "price": 95.8, "sentiment": 85, "timestamp": 1762738030.852486}
{"type": "order", "symbol": "AAPL", "side": "SELL", "qty": 10, "price": 490.78, "sentiment": 18, "timestamp": 1762738031.886194}
{"type": "order", "symbol": "AMZN", "side": "SELL", "qty": 10, "price": 89.34, "sentiment": 1, "timestamp": 1762738035.408109}
{"type": "order", "symbol": "MSFT", "side": "SELL", "qty": 10, "price": 205.03, "sentiment": 7, "timestamp": 1762738036.6523242}
{"type": "order", "symbol": "AAPL", "side": "BUY", "qty": 10, "price": 476.6, "sentiment": 100, "timestamp": 1762738042.441854}
{"type": "order", "symbol": "AAPL", "side": "SELL", "qty": 10, "price": 474.28, "sentiment": 2, "timestamp": 1762738043.265446}
{"type": "order", "symbol": "AAPL", "side": "BUY", "qty": 10, "price": 475.53, "sentiment": 75, "timestamp": 1762738043.877802}
{"type": "order", "symbol": "MSFT", "side": "BUY", "qty": 10, "price": 197.55, "sentiment": 75, "timestamp": 1762738043.8780742}
{"type": "order", "symbol": "AMZN", "side": "BUY", "qty": 10, "price": 85.23, "sentiment": 75, "timestamp": 1762738043.8781729}
{"type": "order", "symbol": "AAPL", "side": "SELL", "qty": 10, "price": 469.82, "sentiment": 34, "timestamp": 1762738044.294542}
{"type": "order", "symbol": "MSFT", "side": "SELL", "qty": 10, "price": 195.6, "sentiment": 27, "timestamp": 1762738045.9586282}
{"type": "order", "symbol": "AMZN", "side": "SELL", "qty": 10, "price": 83.93, "sentiment": 27, "timestamp": 1762738045.95932}
{"type": "order", "symbol": "MSFT", "side": "BUY", "qty": 10, "price": 199.81, "sentiment": 63, "timestamp": 1762738046.583864}
{"type": "order", "symbol": "AMZN", "side": "BUY", "qty": 10, "price": 84.25, "sentiment": 89, "timestamp": 1762738048.868812}
{"type": "order", "symbol": "MSFT", "side": "SELL", "qty": 10, "price": 197.54, "sentiment": 32, "timestamp": 1762738050.9334831}
{"type": "order", "symbol": "AMZN", "side": "SELL", "qty": 10, "price": 81.82, "sentiment": 32, "timestamp": 1762738050.93372}
{"type": "order", "symbol": "AAPL", "side": "BUY", "qty": 10, "price": 440.6, "sentiment": 69, "timestamp": 1762738055.502996}
{"type": "order", "symbol": "MSFT", "side": "BUY", "qty": 10, "price": 196.12, "sentiment": 69, "timestamp": 1762738055.503571}
{"type": "order", "symbol": "AMZN", "side": "BUY", "qty": 10, "price": 83.11, "sentiment": 66, "timestamp": 1762738055.916775}
{"type": "order", "symbol": "MSFT", "side": "SELL", "qty": 10, "price": 192.53, "sentiment": 18, "timestamp": 1762738056.7362182}
{"type": "order", "symbol": "AAPL", "side": "SELL", "qty": 10, "price": 436.19, "sentiment": 34, "timestamp": 1762738058.178714}
{"type": "order", "symbol": "AMZN", "side": "SELL", "qty": 10, "price": 81.73, "sentiment": 34, "timestamp": 1762738058.178996}
{"type": "order", "symbol": "AMZN", "side": "BUY", "qty": 10, "price": 83.3, "sentiment": 61, "timestamp": 1762738061.0847921}
{"type": "order", "symbol": "MSFT", "side": "BUY", "qty": 10, "price": 187.77, "sentiment": 79, "timestamp": 1762738063.9721432}
{"type": "order", "symbol": "AMZN", "side": "SELL", "qty": 10, "price": 84.76, "sentiment": 34, "timestamp": 1762738064.596309}
{"type": "order", "symbol": "MSFT", "side": "SELL", "qty": 10, "price": 184.27, "sentiment": 34, "timestamp": 1762738064.802471}
{"type": "order", "symbol": "AAPL", "side": "BUY", "qty": 10, "price": 421.31, "sentiment": 86, "timestamp": 1762738067.076216}
{"type": "order", "symbol": "AMZN", "side": "BUY", "qty": 10, "price": 85.11, "sentiment": 86, "timestamp": 1762738067.07665}
{"type": "order", "symbol": "MSFT", "side": "BUY", "qty": 10, "price": 187.49, "sentiment": 95, "timestamp": 1762738067.698894}
{"type": "order", "symbol": "AMZN", "side": "SELL", "qty": 10, "price": 82.76, "sentiment": 38, "timestamp": 1762738068.52294}
{"type": "order", "symbol": "MSFT", "side": "SELL", "qty": 10, "price": 185.79, "sentiment": 39, "timestamp": 1762738071.001378}
{"type": "order", "symbol": "MSFT", "side": "BUY", "qty": 10, "price": 185.85, "sentiment": 91, "timestamp": 1762738075.145584}
{"type": "order", "symbol": "AAPL", "side": "SELL", "qty": 10, "price": 427.98, "sentiment": 32, "timestamp": 1762738077.617229}
{"type": "order", "symbol": "MSFT", "side": "SELL", "qty": 10, "price": 182.31, "sentiment": 32, "timestamp": 1762738077.617641}
{"type": "order", "symbol": "AAPL", "side": "BUY", "qty": 10, "price": 427.26, "sentiment": 98, "timestamp": 1762738078.232515}
{"type": "order", "symbol": "AMZN", "side": "BUY", "qty": 10, "price": 81.87, "sentiment": 98, "timestamp": 1762738078.2328908}
{"type": "order", "symbol": "AAPL", "side": "SELL", "qty": 10, "price": 422.14, "sentiment": 8, "timestamp": 1762738079.684801}
{"type": "order", "symbol": "MSFT", "side": "BUY", "qty": 10, "price": 190.94, "sentiment": 64, "timestamp": 1762738081.127059}
{"type": "order", "symbol": "AMZN", "side": "SELL", "qty": 10, "price": 82.65, "sentiment": 37, "timestamp": 1762738081.744259}
{"type": "order", "symbol": "AAPL", "side": "BUY", "qty": 10, "price": 422.77, "sentiment": 87, "timestamp": 1762738083.806559}
{"type": "order", "symbol": "AMZN", "side": "BUY", "qty": 10, "price": 82.49, "sentiment": 87, "timestamp": 1762738083.807138}
{"type": "order", "symbol": "AAPL", "side": "SELL", "qty": 10, "price": 438.29, "sentiment": 34, "timestamp": 1762738089.8133628}
{"type": "order", "symbol": "MSFT", "side": "SELL", "qty": 10, "price": 203.5, "sentiment": 24, "timestamp": 1762738091.259281}
{"type": "order", "symbol": "AAPL", "side": "BUY", "qty": 10, "price": 443.25, "sentiment": 96, "timestamp": 1762738091.885252}
{"type": "order", "symbol": "AMZN", "side": "SELL", "qty": 10, "price": 84.09, "sentiment": 23, "timestamp": 1762738092.2997901}
{"type": "order", "symbol": "MSFT", "side": "BUY", "qty": 10, "price": 209.15, "sentiment": 94, "timestamp": 1762738093.3263302}
{"type": "order", "symbol": "AMZN", "side": "BUY", "qty": 10, "price": 85.28, "sentiment": 94, "timestamp": 1762738093.3266728}
{"type": "order", "symbol": "MSFT", "side": "SELL", "qty": 10, "price": 203.79, "sentiment": 11, "timestamp": 1762738096.22029}
{"type": "order", "symbol": "AMZN", "side": "SELL", "qty": 10, "price": 84.92, "sentiment": 33, "timestamp": 1762738097.252023}
{"type": "order", "symbol": "MSFT", "side": "BUY", "qty": 10, "price": 203.47, "sentiment": 80, "timestamp": 1762738097.870843}
{"type": "order", "symbol": "AAPL", "side": "SELL", "qty": 10, "price": 443.24, "sentiment": 38, "timestamp": 1762738099.9346519}
{"type": "order", "symbol": "MSFT", "side": "SELL", "qty": 10, "price": 197.57, "sentiment": 38, "timestamp": 1762738099.935188}
{"type": "order", "symbol": "MSFT", "side": "BUY", "qty": 10, "price": 197.86, "sentiment": 100, "timestamp": 1762738102.6171808}
{"type": "order", "symbol": "MSFT", "side": "SELL", "qty": 10, "price": 197.86, "sentiment": 31, "timestamp": 1762738103.24192}
{"type": "order", "symbol": "AAPL", "side": "BUY", "qty": 10, "price": 439.32, "sentiment": 87, "timestamp": 1762738104.894569}
{"type": "order", "symbol": "MSFT", "side": "BUY", "qty": 10, "price": 201.84, "sentiment": 87, "timestamp": 1762738104.895072}
{"type": "order", "symbol": "MSFT", "side": "SELL", "qty": 10, "price": 197.43, "sentiment": 25, "timestamp": 1762738106.344865}
{"type": "order", "symbol": "AAPL", "side": "SELL", "qty": 10, "price": 433.07, "sentiment": 15, "timestamp": 1762738107.181368}
{"type": "order", "symbol": "AMZN", "side": "BUY", "qty": 10, "price": 79.65, "sentiment": 75, "timestamp": 1762738108.84009}
{"type": "order", "symbol": "MSFT", "side": "BUY", "qty": 10, "price": 201.97, "sentiment": 96, "timestamp": 1762738109.044391}
{"type": "order", "symbol": "AAPL", "side": "BUY", "qty": 10, "price": 438.36, "sentiment": 96, "timestamp": 1762738110.4932532}
{"type": "order", "symbol": "MSFT", "side": "SELL", "qty": 10, "price": 200.6, "sentiment": 0, "timestamp": 1762738110.902098}
{"type": "order", "symbol": "MSFT", "side": "BUY", "qty": 10, "price": 206.85, "sentiment": 90, "timestamp": 1762738113.590423}
{"type": "order", "symbol": "AMZN", "side": "SELL", "qty": 10, "price": 77.1, "sentiment": 22, "timestamp": 1762738115.042173}
{"type": "order", "symbol": "AAPL", "side": "SELL", "qty": 10, "price": 449.66, "sentiment": 13, "timestamp": 1762738115.862884}
{"type": "order", "symbol": "AAPL", "side": "BUY", "qty": 10, "price": 454.44, "sentiment": 97, "timestamp": 1762738116.066634}
{"type": "order", "symbol": "MSFT", "side": "SELL", "qty": 10, "price": 205.34, "sentiment": 1, "timestamp": 1762738117.0954702}
{"type": "order", "symbol": "AMZN", "side": "BUY", "qty": 10, "price": 78.63, "sentiment": 66, "timestamp": 1762738117.717074}
{"type": "order", "symbol": "AAPL", "side": "SELL", "qty": 10, "price": 459.17, "sentiment": 23, "timestamp": 1762738121.842997}
{"type": "order", "symbol": "AAPL", "side": "BUY", "qty": 10, "price": 465.34, "sentiment": 93, "timestamp": 1762738124.542659}
{"type": "order", "symbol": "MSFT", "side": "BUY", "qty": 10, "price": 193.94, "sentiment": 72, "timestamp": 1762738126.0107021}
{"type": "order", "symbol": "AAPL", "side": "SELL", "qty": 10, "price": 467.05, "sentiment": 14, "timestamp": 1762738129.108892}
{"type": "order", "symbol": "MSFT", "side": "SELL", "qty": 10, "price": 201.64, "sentiment": 5, "timestamp": 1762738131.594432}
{"type": "order", "symbol": "AMZN", "side": "SELL", "qty": 10, "price": 87.56, "sentiment": 5, "timestamp": 1762738131.5951302}
{"type": "order", "symbol": "AAPL", "side": "BUY", "qty": 10, "price": 484.42, "sentiment": 96, "timestamp": 1762738134.277934}
{"type": "order", "symbol": "MSFT", "side": "BUY", "qty": 10, "price": 208.49, "sentiment": 96, "timestamp": 1762738134.278263}
{"type": "order", "symbol": "AAPL", "side": "SELL", "qty": 10, "price": 472.33, "sentiment": 0, "timestamp": 1762738137.162852}
{"type": "order", "symbol": "MSFT", "side": "SELL", "qty": 10, "price": 206.82, "sentiment": 0, "timestamp": 1762738137.1636732}
{"type": "order", "symbol": "MSFT", "side": "BUY", "qty": 10, "price": 204.93, "sentiment": 70, "timestamp": 1762738139.6424232}
{"type": "order", "symbol": "AMZN", "side": "BUY", "qty": 10, "price": 85.66, "sentiment": 70, "timestamp": 1762738139.643028}
{"type": "order", "symbol": "MSFT", "side": "SELL", "qty": 10, "price": 205.0, "sentiment": 30, "timestamp": 1762738140.26588}
{"type": "order", "symbol": "AMZN", "side": "SELL", "qty": 10, "price": 85.34, "sentiment": 3, "timestamp": 1762738141.9149928}
{"type": "order", "symbol": "AMZN", "side": "BUY", "qty": 10, "price": 86.35, "sentiment": 87, "timestamp": 1762738144.8151848}
{"type": "order", "symbol": "MSFT", "side": "BUY", "qty": 10, "price": 207.11, "sentiment": 80, "timestamp": 1762738145.4332428}
{"type": "order", "symbol": "AAPL", "side": "BUY", "qty": 10, "price": 453.94, "sentiment": 90, "timestamp": 1762738146.256512}
{"type": "order", "symbol": "MSFT", "side": "SELL", "qty": 10, "price": 210.58, "sentiment": 2, "timestamp": 1762738153.891281}
{"type": "order", "symbol": "MSFT", "side": "BUY", "qty": 10, "price": 213.0, "sentiment": 65, "timestamp": 1762738155.7627342}
{"type": "order", "symbol": "AAPL", "side": "SELL", "qty": 10, "price": 461.23, "sentiment": 30, "timestamp": 1762738156.3827121}
{"type": "order", "symbol": "AMZN", "side": "SELL", "qty": 10, "price": 87.87, "sentiment": 30, "timestamp": 1762738156.383003}
{"type": "order", "symbol": "MSFT", "side": "SELL", "qty": 10, "price": 210.36, "sentiment": 19, "timestamp": 1762738156.799505}
{"type": "order", "symbol": "AMZN", "side": "BUY", "qty": 10, "price": 88.47, "sentiment": 99, "timestamp": 1762738159.486112}
{"type": "order", "symbol": "MSFT", "side": "BUY", "qty": 10, "price": 213.5, "sentiment": 93, "timestamp": 1762738162.995743}
{"type": "order", "symbol": "AMZN", "side": "SELL", "qty": 10, "price": 89.37, "sentiment": 26, "timestamp": 1762738164.444345}
{"type": "order", "symbol": "MSFT", "side": "SELL", "qty": 10, "price": 209.95, "sentiment": 26, "timestamp": 1762738164.65048}
{"type": "order", "symbol": "AMZN", "side": "BUY", "qty": 10, "price": 91.25, "sentiment": 98, "timestamp": 1762738165.268251}
{"type": "order", "symbol": "AAPL", "side": "BUY", "qty": 10, "price": 447.27, "sentiment": 82, "timestamp": 1762738165.8854349}
{"type": "order", "symbol": "MSFT", "side": "BUY", "qty": 10, "price": 214.75, "sentiment": 82, "timestamp": 1762738165.88591}
{"type": "order", "symbol": "AAPL", "side": "SELL", "qty": 10, "price": 440.44, "sentiment": 25, "timestamp": 1762738170.0161011}
{"type": "order", "symbol": "AMZN", "side": "SELL", "qty": 10, "price": 89.1, "sentiment": 25, "timestamp": 1762738170.016217}
{"type": "order", "symbol": "MSFT", "side": "SELL", "qty": 10, "price": 211.5, "sentiment": 25, "timestamp": 1762738170.221809}
{"type": "order", "symbol": "MSFT", "side": "BUY", "qty": 10, "price": 216.01, "sentiment": 65, "timestamp": 1762738175.590712}
{"type": "order", "symbol": "MSFT", "side": "SELL", "qty": 10, "price": 210.47, "sentiment": 21, "timestamp": 1762738177.4570088}
{"type": "order", "symbol": "AAPL", "side": "BUY", "qty": 10, "price": 430.52, "sentiment": 69, "timestamp": 1762738179.120926}
{"type": "order", "symbol": "MSFT", "side": "BUY", "qty": 10, "price": 210.73, "sentiment": 68, "timestamp": 1762738181.385345}
{"type": "order", "symbol": "AMZN", "side": "BUY", "qty": 10, "price": 82.58, "sentiment": 72, "timestamp": 1762738181.595629}
{"type": "order", "symbol": "AAPL", "side": "SELL", "qty": 10, "price": 431.02, "sentiment": 32, "timestamp": 1762738182.832512}
{"type": "order", "symbol": "MSFT", "side": "SELL", "qty": 10, "price": 208.48, "sentiment": 27, "timestamp": 1762738183.6591191}
{"type": "order", "symbol": "AAPL", "side": "BUY", "qty": 10, "price": 440.34, "sentiment": 69, "timestamp": 1762738184.494262}
{"type": "order", "symbol": "MSFT", "side": "BUY", "qty": 10, "price": 209.49, "sentiment": 69, "timestamp": 1762738184.494781}
{"type": "order", "symbol": "AAPL", "side": "SELL", "qty": 10, "price": 432.59, "sentiment": 14, "timestamp": 1762738185.52634}
{"type": "order", "symbol": "MSFT", "side": "SELL", "qty": 10, "price": 208.99, "sentiment": 14, "timestamp": 1762738185.5266602}
{"type": "order", "symbol": "MSFT", "side": "BUY", "qty": 10, "price": 209.77, "sentiment": 89, "timestamp": 1762738186.151304}
{"type": "order", "symbol": "AAPL", "side": "BUY", "qty": 10, "price": 435.16, "sentiment": 74, "timestamp": 1762738188.2390232}
{"type": "order", "symbol": "MSFT", "side": "SELL", "qty": 10, "price": 207.02, "sentiment": 37, "timestamp": 1762738188.6524749}
{"type": "order", "symbol": "AMZN", "side": "SELL", "qty": 10, "price": 83.88, "sentiment": 0, "timestamp": 1762738189.686344}
{"type": "order", "symbol": "AAPL", "side": "SELL", "qty": 10, "price": 431.09, "sentiment": 10, "timestamp": 1762738192.576229}
{"type": "order", "symbol": "MSFT", "side": "BUY", "qty": 10, "price": 207.0, "sentiment": 89, "timestamp": 1762738194.238983}
{"type": "order", "symbol": "AAPL", "side": "BUY", "qty": 10, "price": 446.06, "sentiment": 84, "timestamp": 1762738195.6787992}
{"type": "order", "symbol": "AMZN", "side": "BUY", "qty": 10, "price": 85.42, "sentiment": 84, "timestamp": 1762738195.6803288}
{"type": "order", "symbol": "MSFT", "side": "SELL", "qty": 10, "price": 208.72, "sentiment": 39, "timestamp": 1762738196.296232}
{"type": "order", "symbol": "AAPL", "side": "SELL", "qty": 10, "price": 437.93, "sentiment": 10, "timestamp": 1762738198.161095}
{"type": "order", "symbol": "AMZN", "side": "SELL", "qty": 10, "price": 89.03, "sentiment": 39, "timestamp": 1762738202.074204}
{"type": "order", "symbol": "AMZN", "side": "BUY", "qty": 10, "price": 83.65, "sentiment": 88, "timestamp": 1762738210.333}
{"type": "order", "symbol": "AAPL", "side": "BUY", "qty": 10, "price": 410.14, "sentiment": 91, "timestamp": 1762738212.398714}
{"type": "order", "symbol": "MSFT", "side": "BUY", "qty": 10, "price": 182.09, "sentiment": 91, "timestamp": 1762738212.399335}
{"type": "order", "symbol": "AMZN", "side": "SELL", "qty": 10, "price": 79.94, "sentiment": 0, "timestamp": 1762738215.288349}
{"type": "order", "symbol": "MSFT", "side": "SELL", "qty": 10, "price": 180.2, "sentiment": 0, "timestamp": 1762738215.700483}
{"type": "order", "symbol": "AMZN", "side": "BUY", "qty": 10, "price": 81.09, "sentiment": 92, "timestamp": 1762738220.445118}
{"type": "order", "symbol": "AAPL", "side": "SELL", "qty": 10, "price": 423.92, "sentiment": 38, "timestamp": 1762738220.858762}
{"type": "order", "symbol": "AMZN", "side": "SELL", "qty": 10, "price": 80.09, "sentiment": 38, "timestamp": 1762738220.859062}
{"type": "order", "symbol": "AAPL", "side": "BUY", "qty": 10, "price": 440.67, "sentiment": 90, "timestamp": 1762738223.3386781}
{"type": "order", "symbol": "MSFT", "side": "BUY", "qty": 10, "price": 176.79, "sentiment": 90, "timestamp": 1762738223.339108}
{"type": "order", "symbol": "AMZN", "side": "BUY", "qty": 10, "price": 81.32, "sentiment": 97, "timestamp": 1762738223.958796}
{"type": "order", "symbol": "AAPL", "side": "SELL", "qty": 10, "price": 439.86, "sentiment": 38, "timestamp": 1762738226.427052}
{"type": "order", "symbol": "MSFT", "side": "SELL", "qty": 10, "price": 176.39, "sentiment": 38, "timestamp": 1762738226.427159}
{"type": "order", "symbol": "AMZN", "side": "SELL", "qty": 10, "price": 80.32, "sentiment": 23, "timestamp": 1762738228.693393}
{"type": "order", "symbol": "MSFT", "side": "BUY", "qty": 10, "price": 181.31, "sentiment": 65, "timestamp": 1762738229.5239859}
{"type": "order", "symbol": "AAPL", "side": "BUY", "qty": 10, "price": 450.3, "sentiment": 73, "timestamp": 1762738230.978629}
{"type": "order", "symbol": "MSFT", "side": "SELL", "qty": 10, "price": 178.39, "sentiment": 28, "timestamp": 1762738231.389753}
{"type": "order", "symbol": "MSFT", "side": "BUY", "qty": 10, "price": 178.32, "sentiment": 67, "timestamp": 1762738233.650471}
{"type": "order", "symbol": "MSFT", "side": "SELL", "qty": 10, "price": 177.18, "sentiment": 12, "timestamp": 1762738238.992644}
{"type": "order", "symbol": "AAPL", "side": "SELL", "qty": 10, "price": 435.67, "sentiment": 35, "timestamp": 1762738240.860907}
{"type": "order", "symbol": "AMZN", "side": "BUY", "qty": 10, "price": 74.93, "sentiment": 94, "timestamp": 1762738241.478393}
{"type": "order", "symbol": "AAPL", "side": "BUY", "qty": 10, "price": 442.01, "sentiment": 61, "timestamp": 1762738243.137453}
{"type": "order", "symbol": "AMZN", "side": "SELL", "qty": 10, "price": 74.19, "sentiment": 15, "timestamp": 1762738243.757708}
{"type": "order", "symbol": "AMZN", "side": "BUY", "qty": 10, "price": 76.59, "sentiment": 75, "timestamp": 1762738246.03335}
{"type": "order", "symbol": "AAPL", "side": "SELL", "qty": 10, "price": 454.22, "sentiment": 14, "timestamp": 1762738251.0005782}
{"type": "order", "symbol": "AMZN", "side": "SELL", "qty": 10, "price": 77.52, "sentiment": 14, "timestamp": 1762738251.001235}
{"type": "order", "symbol": "MSFT", "side": "BUY", "qty": 10, "price": 157.31, "sentiment": 69, "timestamp": 1762738251.627083}
{"type": "order", "symbol": "AAPL", "side": "BUY", "qty": 10, "price": 459.59, "sentiment": 69, "timestamp": 1762738251.8348851}
{"type": "order", "symbol": "AMZN", "side": "BUY", "qty": 10, "price": 78.64, "sentiment": 79, "timestamp": 1762738252.45979}
{"type": "order", "symbol": "MSFT", "side": "SELL", "qty": 10, "price": 150.29, "sentiment": 15, "timestamp": 1762738252.666521}
{"type": "order", "symbol": "AMZN", "side": "SELL", "qty": 10, "price": 77.36, "sentiment": 16, "timestamp": 1762738254.113272}
{"type": "order", "symbol": "MSFT", "side": "BUY", "qty": 10, "price": 154.97, "sentiment": 93, "timestamp": 1762738254.7364}
{"type": "order", "symbol": "AAPL", "side": "SELL", "qty": 10, "price": 454.14, "sentiment": 8, "timestamp": 1762738255.5592089}
{"type": "order", "symbol": "AMZN", "side": "BUY", "qty": 10, "price": 78.23, "sentiment": 84, "timestamp": 1762738256.601452}
{"type": "order", "symbol": "AAPL", "side": "BUY", "qty": 10, "price": 463.72, "sentiment": 93, "timestamp": 1762738257.427752}
{"type": "order", "symbol": "AAPL", "side": "SELL", "qty": 10, "price": 456.08, "sentiment": 5, "timestamp": 1762738261.169348}
{"type": "order", "symbol": "AMZN", "side": "SELL", "qty": 10, "price": 79.35, "sentiment": 2, "timestamp": 1762738262.414141}
{"type": "order", "symbol": "MSFT", "side": "SELL", "qty": 10, "price": 164.82, "sentiment": 15, "timestamp": 1762738267.802895}
{"type": "order", "symbol": "AAPL", "side": "BUY", "qty": 10, "price": 430.63, "sentiment": 64, "timestamp": 1762738269.861373}
{"type": "order", "symbol": "AAPL", "side": "SELL", "qty": 10, "price": 441.31, "sentiment": 39, "timestamp": 1762738271.298926}
{"type": "order", "symbol": "AAPL", "side": "BUY", "qty": 10, "price": 438.2, "sentiment": 83, "timestamp": 1762738271.711811}
{"type": "order", "symbol": "AAPL", "side": "SELL", "qty": 10, "price": 435.46, "sentiment": 35, "timestamp": 1762738272.535362}
{"type": "order", "symbol": "AAPL", "side": "BUY", "qty": 10, "price": 446.16, "sentiment": 93, "timestamp": 1762738273.358668}
{"type": "order", "symbol": "AMZN", "side": "BUY", "qty": 10, "price": 77.46, "sentiment": 93, "timestamp": 1762738273.3590631}
{"type": "order", "symbol": "MSFT", "side": "BUY", "qty": 10, "price": 164.95, "sentiment": 68, "timestamp": 1762738275.826599}
{"type": "order", "symbol": "MSFT", "side": "SELL", "qty": 10, "price": 159.35, "sentiment": 5, "timestamp": 1762738277.271782}
{"type": "order", "symbol": "AAPL", "side": "SELL", "qty": 10, "price": 442.65, "sentiment": 8, "timestamp": 1762738277.892843}
{"type": "order", "symbol": "AMZN", "side": "SELL", "qty": 10, "price": 76.42, "sentiment": 26, "timestamp": 1762738278.721735}
{"type": "order", "symbol": "MSFT", "side": "BUY", "qty": 10, "price": 161.63, "sentiment": 94, "timestamp": 1762738280.568588}
{"type": "order", "symbol": "MSFT", "side": "SELL", "qty": 10, "price": 161.34, "sentiment": 16, "timestamp": 1762738283.0591419}
{"type": "order", "symbol": "AAPL", "side": "BUY", "qty": 10, "price": 431.31, "sentiment": 75, "timestamp": 1762738284.509163}
{"type": "order", "symbol": "AMZN", "side": "BUY", "qty": 10, "price": 73.67, "sentiment": 100, "timestamp": 1762738287.404615}
{"type": "order", "symbol": "AAPL", "side": "SELL", "qty": 10, "price": 433.25, "sentiment": 5, "timestamp": 1762738288.026044}
{"type": "order", "symbol": "AMZN", "side": "SELL", "qty": 10, "price": 72.39, "sentiment": 14, "timestamp": 1762738288.437014}
{"type": "order", "symbol": "MSFT", "side": "BUY", "qty": 10, "price": 164.56, "sentiment": 76, "timestamp": 1762738289.878973}
{"type": "order", "symbol": "AMZN", "side": "BUY", "qty": 10, "price": 73.65, "sentiment": 76, "timestamp": 1762738289.879549}
{"type": "order", "symbol": "AMZN", "side": "SELL", "qty": 10, "price": 73.26, "sentiment": 5, "timestamp": 1762738292.770516}
{"type": "order", "symbol": "AAPL", "side": "BUY", "qty": 10, "price": 431.2, "sentiment": 93, "timestamp": 1762738294.43812}
{"type": "order", "symbol": "AMZN", "side": "BUY", "qty": 10, "price": 76.56, "sentiment": 93, "timestamp": 1762738294.438632}
{"type": "order", "symbol": "AAPL", "side": "SELL", "qty": 10, "price": 432.71, "sentiment": 11, "timestamp": 1762738295.473711}
{"type": "order", "symbol": "MSFT", "side": "SELL", "qty": 10, "price": 167.67, "sentiment": 17, "timestamp": 1762738297.5440571}
{"type": "order", "symbol": "MSFT", "side": "BUY", "qty": 10, "price": 168.8, "sentiment": 99, "timestamp": 1762738299.616931}
{"type": "order", "symbol": "AAPL", "side": "BUY", "qty": 10, "price": 423.06, "sentiment": 98, "timestamp": 1762738300.236564}
{"type": "order", "symbol": "MSFT", "side": "SELL", "qty": 10, "price": 167.84, "sentiment": 3, "timestamp": 1762738301.480526}
{"type": "order", "symbol": "MSFT", "side": "BUY", "qty": 10, "price": 170.9, "sentiment": 63, "timestamp": 1762738303.134005}
{"type": "order", "symbol": "AAPL", "side": "SELL", "qty": 10, "price": 422.81, "sentiment": 21, "timestamp": 1762738305.003799}
{"type": "order", "symbol": "AMZN", "side": "SELL", "qty": 10, "price": 81.25, "sentiment": 37, "timestamp": 1762738306.860938}
{"type": "order", "symbol": "AMZN", "side": "BUY", "qty": 10, "price": 83.04, "sentiment": 61, "timestamp": 1762738308.1037672}
{"type": "order", "symbol": "MSFT", "side": "SELL", "qty": 10, "price": 166.96, "sentiment": 22, "timestamp": 1762738308.51523}
{"type": "order", "symbol": "AAPL", "side": "BUY", "qty": 10, "price": 411.86, "sentiment": 66, "timestamp": 1762738311.6121962}
{"type": "order", "symbol": "MSFT", "side": "BUY", "qty": 10, "price": 171.38, "sentiment": 66, "timestamp": 1762738311.612849}
{"type": "order", "symbol": "MSFT", "side": "SELL", "qty": 10, "price": 169.68, "sentiment": 0, "timestamp": 1762738312.640846}
{"type": "order", "symbol": "AMZN", "side": "SELL", "qty": 10, "price": 81.33, "sentiment": 39, "timestamp": 1762738314.70157}
{"type": "order", "symbol": "AAPL", "side": "SELL", "qty": 10, "price": 407.13, "sentiment": 39, "timestamp": 1762738314.907498}
{"type": "order", "symbol": "MSFT", "side": "BUY", "qty": 10, "price": 173.13, "sentiment": 67, "timestamp": 1762738315.114492}
{"type": "order", "symbol": "AAPL", "side": "BUY", "qty": 10, "price": 407.76, "sentiment": 67, "timestamp": 1762738315.5254662}
{"type": "order", "symbol": "AMZN", "side": "BUY", "qty": 10, "price": 83.77, "sentiment": 95, "timestamp": 1762738316.5658188}
{"type": "order", "symbol": "MSFT", "side": "SELL", "qty": 10, "price": 171.52, "sentiment": 37, "timestamp": 1762738319.2452638}
{"type": "order", "symbol": "AMZN", "side": "SELL", "qty": 10, "price": 81.23, "sentiment": 37, "timestamp": 1762738319.2457652}
{"type": "order", "symbol": "AAPL", "side": "SELL", "qty": 10, "price": 412.24, "sentiment": 37, "timestamp": 1762738319.452416}
{"type": "order", "symbol": "MSFT", "side": "BUY", "qty": 10, "price": 174.92, "sentiment": 99, "timestamp": 1762738322.140341}
{"type": "order", "symbol": "AAPL", "side": "BUY", "qty": 10, "price": 411.42, "sentiment": 99, "timestamp": 1762738322.348864}
{"type": "order", "symbol": "AMZN", "side": "BUY", "qty": 10, "price": 82.04, "sentiment": 99, "timestamp": 1762738322.351488}
{"type": "order", "symbol": "MSFT", "side": "SELL", "qty": 10, "price": 171.24, "sentiment": 0, "timestamp": 1762738323.786239}
{"type": "order", "symbol": "MSFT", "side": "BUY", "qty": 10, "price": 173.74, "sentiment": 73, "timestamp": 1762738324.1944509}
{"type": "order", "symbol": "AAPL", "side": "SELL", "qty": 10, "price": 417.3, "sentiment": 7, "timestamp": 1762738325.832274}
{"type": "order", "symbol": "MSFT", "side": "SELL", "qty": 10, "price": 173.08, "sentiment": 13, "timestamp": 1762738327.274534}
{"type": "order", "symbol": "AAPL", "side": "BUY", "qty": 10, "price": 425.84, "sentiment": 80, "timestamp": 1762738329.749944}
{"type": "order", "symbol": "MSFT", "side": "BUY", "qty": 10, "price": 177.36, "sentiment": 80, "timestamp": 1762738329.750537}
{"type": "order", "symbol": "AMZN", "side": "SELL", "qty": 10, "price": 91.88, "sentiment": 3, "timestamp": 1762738332.6453362}
{"type": "order", "symbol": "AAPL", "side": "SELL", "qty": 10, "price": 422.95, "sentiment": 5, "timestamp": 1762738334.107177}
{"type": "order", "symbol": "MSFT", "side": "SELL", "qty": 10, "price": 178.91, "sentiment": 5, "timestamp": 1762738334.107446}
{"type": "order", "symbol": "MSFT", "side": "BUY", "qty": 10, "price": 181.28, "sentiment": 86, "timestamp": 1762738336.795434}
{"type": "order", "symbol": "AMZN", "side": "BUY", "qty": 10, "price": 92.56, "sentiment": 86, "timestamp": 1762738336.796134}
{"type": "order", "symbol": "AAPL", "side": "BUY", "qty": 10, "price": 430.29, "sentiment": 86, "timestamp": 1762738337.0009}
{"type": "order", "symbol": "MSFT", "side": "SELL", "qty": 10, "price": 170.22, "sentiment": 36, "timestamp": 1762738339.8959382}
{"type": "order", "symbol": "AAPL", "side": "SELL", "qty": 10, "price": 426.26, "sentiment": 37, "timestamp": 1762738340.936803}
{"type": "order", "symbol": "AAPL", "side": "BUY", "qty": 10, "price": 439.86, "sentiment": 68, "timestamp": 1762738341.960511}
{"type": "order", "symbol": "MSFT", "side": "BUY", "qty": 10, "price": 170.14, "sentiment": 68, "timestamp": 1762738342.167702}
{"type": "order", "symbol": "AMZN", "side": "SELL", "qty": 10, "price": 95.56, "sentiment": 13, "timestamp": 1762738343.411649}
{"type": "order", "symbol": "MSFT", "side": "SELL", "qty": 10, "price": 166.33, "sentiment": 34, "timestamp": 1762738344.02938}
{"type": "order", "symbol": "AAPL", "side": "SELL", "qty": 10, "price": 449.25, "sentiment": 14, "timestamp": 1762738345.899819}
{"type": "order", "symbol": "MSFT", "side": "BUY", "qty": 10, "price": 172.51, "sentiment": 71, "timestamp": 1762738346.51684}
{"type": "order", "symbol": "AMZN", "side": "BUY", "qty": 10, "price": 97.88, "sentiment": 77, "timestamp": 1762738347.145565}
{"type": "order", "symbol": "AMZN", "side": "SELL", "qty": 10, "price": 96.06, "sentiment": 28, "timestamp": 1762738348.393475}
{"type": "order", "symbol": "AMZN", "side": "BUY", "qty": 10, "price": 94.52, "sentiment": 98, "timestamp": 1762738354.575983}
{"type": "order", "symbol": "AAPL", "side": "BUY", "qty": 10, "price": 443.05, "sentiment": 74, "timestamp": 1762738355.397244}
{"type": "order", "symbol": "AMZN", "side": "SELL", "qty": 10, "price": 93.73, "sentiment": 3, "timestamp": 1762738356.426451}
{"type": "order", "symbol": "AAPL", "side": "SELL", "qty": 10, "price": 433.6, "sentiment": 2, "timestamp": 1762738358.480586}
{"type": "order", "symbol": "AMZN", "side": "BUY", "qty": 10, "price": 93.88, "sentiment": 96, "timestamp": 1762738359.514576}
{"type": "order", "symbol": "AAPL", "side": "BUY", "qty": 10, "price": 434.56, "sentiment": 91, "timestamp": 1762738361.1596868}
{"type": "order", "symbol": "MSFT", "side": "SELL", "qty": 10, "price": 186.59, "sentiment": 35, "timestamp": 1762738361.984632}
{"type": "order", "symbol": "AAPL", "side": "SELL", "qty": 10, "price": 429.62, "sentiment": 35, "timestamp": 1762738362.193098}
{"type": "order", "symbol": "MSFT", "side": "BUY", "qty": 10, "price": 189.56, "sentiment": 61, "timestamp": 1762738362.608041}
{"type": "order", "symbol": "MSFT", "side": "SELL", "qty": 10, "price": 195.59, "sentiment": 36, "timestamp": 1762738367.5454452}
{"type": "order", "symbol": "MSFT", "side": "BUY", "qty": 10, "price": 195.89, "sentiment": 82, "timestamp": 1762738368.174647}
{"type": "order", "symbol": "AAPL", "side": "BUY", "qty": 10, "price": 417.59, "sentiment": 62, "timestamp": 1762738368.7912881}
{"type": "order", "symbol": "AMZN", "side": "SELL", "qty": 10, "price": 97.31, "sentiment": 21, "timestamp": 1762738371.067008}
{"type": "order", "symbol": "MSFT", "side": "SELL", "qty": 10, "price": 198.03, "sentiment": 16, "timestamp": 1762738372.098892}
{"type": "order", "symbol": "AAPL", "side": "SELL", "qty": 10, "price": 411.6, "sentiment": 37, "timestamp": 1762738375.189694}
{"type": "order", "symbol": "MSFT", "side": "BUY", "qty": 10, "price": 201.08, "sentiment": 95, "timestamp": 1762738375.5993202}
{"type": "order", "symbol": "AAPL", "side": "BUY", "qty": 10, "price": 430.09, "sentiment": 64, "timestamp": 1762738378.2834291}
{"type": "order", "symbol": "AAPL", "side": "SELL", "qty": 10, "price": 421.55, "sentiment": 21, "timestamp": 1762738381.1716852}
{"type": "order", "symbol": "AMZN", "side": "BUY", "qty": 10, "price": 96.05, "sentiment": 76, "timestamp": 1762738381.787134}
{"type": "order", "symbol": "AAPL", "side": "BUY", "qty": 10, "price": 425.29, "sentiment": 66, "timestamp": 1762738382.407686}
{"type": "order", "symbol": "AAPL", "side": "SELL", "qty": 10, "price": 411.0, "sentiment": 13, "timestamp": 1762738384.674325}
{"type": "order", "symbol": "AMZN", "side": "SELL", "qty": 10, "price": 95.33, "sentiment": 13, "timestamp": 1762738384.6746671}
{"type": "order", "symbol": "AMZN", "side": "BUY", "qty": 10, "price": 95.16, "sentiment": 86, "timestamp": 1762738387.9584692}
{"type": "order", "symbol": "AAPL", "side": "BUY", "qty": 10, "price": 397.95, "sentiment": 94, "timestamp": 1762738388.994878}
{"type": "order", "symbol": "MSFT", "side": "SELL", "qty": 10, "price": 197.41, "sentiment": 2, "timestamp": 1762738389.2009568}
{"type": "order", "symbol": "AMZN", "side": "SELL", "qty": 10, "price": 93.66, "sentiment": 34, "timestamp": 1762738391.260841}
{"type": "order", "symbol": "AMZN", "side": "BUY", "qty": 10, "price": 93.52, "sentiment": 75, "timestamp": 1762738394.7762308}
{"type": "order", "symbol": "MSFT", "side": "BUY", "qty": 10, "price": 187.83, "sentiment": 84, "timestamp": 1762738396.419774}
{"type": "order", "symbol": "AMZN", "side": "SELL", "qty": 10, "price": 93.0, "sentiment": 29, "timestamp": 1762738397.860991}
{"type": "order", "symbol": "AMZN", "side": "BUY", "qty": 10, "price": 93.97, "sentiment": 79, "timestamp": 1762738399.299838}
{"type": "order", "symbol": "AMZN", "side": "SELL", "qty": 10, "price": 94.2, "sentiment": 33, "timestamp": 1762738399.918095}
{"type": "order", "symbol": "MSFT", "side": "SELL", "qty": 10, "price": 190.26, "sentiment": 21, "timestamp": 1762738400.738796}
{"type": "order", "symbol": "AMZN", "side": "BUY", "qty": 10, "price": 97.21, "sentiment": 85, "timestamp": 1762738401.35315}
{"type": "order", "symbol": "MSFT", "side": "BUY", "qty": 10, "price": 192.4, "sentiment": 85, "timestamp": 1762738401.555795}
{"type": "order", "symbol": "MSFT", "side": "SELL", "qty": 10, "price": 188.8, "sentiment": 13, "timestamp": 1762738402.800691}
{"type": "order", "symbol": "MSFT", "side": "BUY", "qty": 10, "price": 188.99, "sentiment": 81, "timestamp": 1762738407.754872}
{"type": "order", "symbol": "AAPL", "side": "SELL", "qty": 10, "price": 434.43, "sentiment": 33, "timestamp": 1762738408.369768}
{"type": "order", "symbol": "MSFT", "side": "SELL", "qty": 10, "price": 188.88, "sentiment": 33, "timestamp": 1762738408.3700821}
{"type": "order", "symbol": "AMZN", "side": "SELL", "qty": 10, "price": 96.95, "sentiment": 33, "timestamp": 1762738408.370545}
{"type": "order", "symbol": "AAPL", "side": "BUY", "qty": 10, "price": 437.66, "sentiment": 73, "timestamp": 1762738410.833803}
{"type": "order", "symbol": "MSFT", "side": "BUY", "qty": 10, "price": 189.45, "sentiment": 73, "timestamp": 1762738410.83442}
{"type": "order", "symbol": "AMZN", "side": "BUY", "qty": 10, "price": 97.19, "sentiment": 82, "timestamp": 1762738412.890251}
{"type": "order", "symbol": "MSFT", "side": "SELL", "qty": 10, "price": 188.93, "sentiment": 27, "timestamp": 1762738413.714476}
{"type": "order", "symbol": "AMZN", "side": "SELL", "qty": 10, "price": 94.05, "sentiment": 6, "timestamp": 1762738413.922465}
{"type": "order", "symbol": "AAPL", "side": "SELL", "qty": 10, "price": 442.54, "sentiment": 15, "timestamp": 1762738415.7847722}
{"type": "order", "symbol": "MSFT", "side": "BUY", "qty": 10, "price": 190.09, "sentiment": 81, "timestamp": 1762738417.424706}
{"type": "order", "symbol": "AMZN", "side": "BUY", "qty": 10, "price": 96.42, "sentiment": 81, "timestamp": 1762738417.424953}
{"type": "order", "symbol": "AAPL", "side": "BUY", "qty": 10, "price": 432.95, "sentiment": 67, "timestamp": 1762738420.96082}
{"type": "order", "symbol": "AAPL", "side": "SELL", "qty": 10, "price": 430.19, "sentiment": 1, "timestamp": 1762738422.003871}
{"type": "order", "symbol": "AMZN", "side": "SELL", "qty": 10, "price": 97.85, "sentiment": 8, "timestamp": 1762738423.451246}
{"type": "order", "symbol": "MSFT", "side": "SELL", "qty": 10, "price": 195.31, "sentiment": 12, "timestamp": 1762738425.5320818}
{"type": "order", "symbol": "AAPL", "side": "BUY", "qty": 10, "price": 407.78, "sentiment": 63, "timestamp": 1762738429.03646}
{"type": "order", "symbol": "AMZN", "side": "BUY", "qty": 10, "price": 96.89, "sentiment": 63, "timestamp": 1762738429.4471948}
{"type": "order", "symbol": "AAPL", "side": "SELL", "qty": 10, "price": 409.3, "sentiment": 39, "timestamp": 1762738429.861263}
{"type": "order", "symbol": "AAPL", "side": "BUY", "qty": 10, "price": 410.81, "sentiment": 76, "timestamp": 1762738430.2745228}
{"type": "order", "symbol": "AAPL", "side": "SELL", "qty": 10, "price": 409.03, "sentiment": 20, "timestamp": 1762738430.892787}
{"type": "order", "symbol": "MSFT", "side": "BUY", "qty": 10, "price": 193.94, "sentiment": 99, "timestamp": 1762738431.306587}
{"type": "order", "symbol": "AAPL", "side": "BUY", "qty": 10, "price": 413.81, "sentiment": 84, "timestamp": 1762738431.9268548}
{"type": "order", "symbol": "AMZN", "side": "SELL", "qty": 10, "price": 95.85, "sentiment": 13, "timestamp": 1762738432.3404732}
{"type": "order", "symbol": "MSFT", "side": "SELL", "qty": 10, "price": 194.52, "sentiment": 33, "timestamp": 1762738436.054689}
{"type": "order", "symbol": "AMZN", "side": "BUY", "qty": 10, "price": 93.41, "sentiment": 66, "timestamp": 1762738439.56742}
{"type": "order", "symbol": "AAPL", "side": "SELL", "qty": 10, "price": 436.23, "sentiment": 2, "timestamp": 1762738441.218529}
{"type": "order", "symbol": "AAPL", "side": "BUY", "qty": 10, "price": 439.78, "sentiment": 84, "timestamp": 1762738441.8375869}
{"type": "order", "symbol": "MSFT", "side": "BUY", "qty": 10, "price": 189.98, "sentiment": 93, "timestamp": 1762738443.279145}
{"type": "order", "symbol": "AAPL", "side": "SELL", "qty": 10, "price": 439.69, "sentiment": 37, "timestamp": 1762738443.693795}
{"type": "order", "symbol": "AAPL", "side": "BUY", "qty": 10, "price": 439.46, "sentiment": 84, "timestamp": 1762738444.109837}
{"type": "order", "symbol": "AAPL", "side": "SELL", "qty": 10, "price": 440.56, "sentiment": 36, "timestamp": 1762738447.8327072}
{"type": "order", "symbol": "MSFT", "side": "SELL", "qty": 10, "price": 178.92, "sentiment": 36, "timestamp": 1762738447.8334}
{"type": "order", "symbol": "MSFT", "side": "BUY", "qty": 10, "price": 177.42, "sentiment": 82, "timestamp": 1762738450.720153}
{"type": "order", "symbol": "MSFT", "side": "SELL", "qty": 10, "price": 175.7, "sentiment": 22, "timestamp": 1762738451.3421388}
{"type": "order", "symbol": "AAPL", "side": "BUY", "qty": 10, "price": 425.52, "sentiment": 98, "timestamp": 1762738452.166416}
{"type": "order", "symbol": "AAPL", "side": "SELL", "qty": 10, "price": 423.36, "sentiment": 34, "timestamp": 1762738452.3758929}
{"type": "order", "symbol": "MSFT", "side": "BUY", "qty": 10, "price": 180.38, "sentiment": 98, "timestamp": 1762738455.675274}
{"type": "order", "symbol": "AMZN", "side": "SELL", "qty": 10, "price": 105.71, "sentiment": 7, "timestamp": 1762738457.1248}
{"type": "order", "symbol": "MSFT", "side": "SELL", "qty": 10, "price": 175.77, "sentiment": 19, "timestamp": 1762738457.3287501}
{"type": "order", "symbol": "AAPL", "side": "BUY", "qty": 10, "price": 426.09, "sentiment": 63, "timestamp": 1762738460.417336}
{"type": "order", "symbol": "MSFT", "side": "BUY", "qty": 10, "price": 176.33, "sentiment": 91, "timestamp": 1762738460.827829}
{"type": "order", "symbol": "AMZN", "side": "BUY", "qty": 10, "price": 106.43, "sentiment": 91, "timestamp": 1762738461.035135}
{"type": "order", "symbol": "AAPL", "side": "SELL", "qty": 10, "price": 421.65, "sentiment": 19, "timestamp": 1762738462.2760682}
{"type": "order", "symbol": "MSFT", "side": "SELL", "qty": 10, "price": 172.31, "sentiment": 19, "timestamp": 1762738462.276788}
{"type": "order", "symbol": "AMZN", "side": "SELL", "qty": 10, "price": 103.3, "sentiment": 19, "timestamp": 1762738462.482837}
{"type": "order", "symbol": "AMZN", "side": "BUY", "qty": 10, "price": 105.92, "sentiment": 82, "timestamp": 1762738463.930342}
{"type": "order", "symbol": "MSFT", "side": "BUY", "qty": 10, "price": 173.5, "sentiment": 73, "timestamp": 1762738465.804595}
{"type": "order", "symbol": "AAPL", "side": "BUY", "qty": 10, "price": 418.76, "sentiment": 75, "timestamp": 1762738466.829176}
{"type": "order", "symbol": "AMZN", "side": "SELL", "qty": 10, "price": 108.31, "sentiment": 5, "timestamp": 1762738471.397853}
{"type": "order", "symbol": "AMZN", "side": "BUY", "qty": 10, "price": 109.38, "sentiment": 78, "timestamp": 1762738473.683999}
{"type": "order", "symbol": "AAPL", "side": "SELL", "qty": 10, "price": 434.21, "sentiment": 33, "timestamp": 1762738475.953818}
{"type": "order", "symbol": "AMZN", "side": "SELL", "qty": 10, "price": 107.78, "sentiment": 33, "timestamp": 1762738476.1617222}
{"type": "order", "symbol": "AMZN", "side": "BUY", "qty": 10, "price": 107.12, "sentiment": 99, "timestamp": 1762738480.5107908}
{"type": "order", "symbol": "AMZN", "side": "SELL", "qty": 10, "price": 107.74, "sentiment": 6, "timestamp": 1762738483.8075058}
{"type": "order", "symbol": "MSFT", "side": "SELL", "qty": 10, "price": 184.65, "sentiment": 1, "timestamp": 1762738485.663724}
{"type": "order", "symbol": "AAPL", "side": "BUY", "qty": 10, "price": 408.38, "sentiment": 81, "timestamp": 1762738489.166807}
{"type": "order", "symbol": "AMZN", "side": "BUY", "qty": 10, "price": 103.59, "sentiment": 81, "timestamp": 1762738489.167491}
{"type": "order", "symbol": "AAPL", "side": "SELL", "qty": 10, "price": 402.88, "sentiment": 8, "timestamp": 1762738489.5804942}
{"type": "order", "symbol": "AMZN", "side": "SELL", "qty": 10, "price": 103.2, "sentiment": 8, "timestamp": 1762738489.58081}
{"type": "order", "symbol": "AMZN", "side": "BUY", "qty": 10, "price": 101.99, "sentiment": 65, "timestamp": 1762738495.976637}
{"type": "order", "symbol": "MSFT", "side": "BUY", "qty": 10, "price": 169.93, "sentiment": 76, "timestamp": 1762738498.2426891}
{"type": "order", "symbol": "AMZN", "side": "SELL", "qty": 10, "price": 103.88, "sentiment": 33, "timestamp": 1762738501.750548}
{"type": "order", "symbol": "MSFT", "side": "SELL", "qty": 10, "price": 164.81, "sentiment": 38, "timestamp": 1762738504.6498098}
{"type": "order", "symbol": "AAPL", "side": "BUY", "qty": 10, "price": 374.72, "sentiment": 96, "timestamp": 1762738508.362984}
{"type": "order", "symbol": "MSFT", "side": "BUY", "qty": 10, "price": 164.91, "sentiment": 96, "timestamp": 1762738508.567075}
{"type": "order", "symbol": "AMZN", "side": "BUY", "qty": 10, "price": 103.29, "sentiment": 63, "timestamp": 1762738509.18517}
{"type": "order", "symbol": "MSFT", "side": "SELL", "qty": 10, "price": 163.18, "sentiment": 15, "timestamp": 1762738511.242948}
{"type": "order", "symbol": "AMZN", "side": "SELL", "qty": 10, "price": 101.05, "sentiment": 15, "timestamp": 1762738511.657967}
{"type": "order", "symbol": "MSFT", "side": "BUY", "qty": 10, "price": 167.71, "sentiment": 89, "timestamp": 1762738514.347719}
{"type": "order", "symbol": "AAPL", "side": "SELL", "qty": 10, "price": 400.69, "sentiment": 33, "timestamp": 1762738517.428546}
{"type": "order", "symbol": "MSFT", "side": "SELL", "qty": 10, "price": 166.42, "sentiment": 33, "timestamp": 1762738517.428864}
{"type": "order", "symbol": "AMZN", "side": "BUY", "qty": 10, "price": 101.98, "sentiment": 100, "timestamp": 1762738517.837087}
{"type": "order", "symbol": "AAPL", "side": "BUY", "qty": 10, "price": 403.73, "sentiment": 82, "timestamp": 1762738518.867605}
{"type": "order", "symbol": "AMZN", "side": "SELL", "qty": 10, "price": 100.52, "sentiment": 14, "timestamp": 1762738519.902008}
{"type": "order", "symbol": "AAPL", "side": "SELL", "qty": 10, "price": 401.56, "sentiment": 8, "timestamp": 1762738521.570899}
{"type": "order", "symbol": "AAPL", "side": "BUY", "qty": 10, "price": 426.29, "sentiment": 91, "timestamp": 1762738523.8609521}
{"type": "order", "symbol": "MSFT", "side": "BUY", "qty": 10, "price": 163.83, "sentiment": 91, "timestamp": 1762738523.861554}
{"type": "order", "symbol": "AMZN", "side": "BUY", "qty": 10, "price": 104.26, "sentiment": 91, "timestamp": 1762738523.8616772}
{"type": "order", "symbol": "AAPL", "side": "SELL", "qty": 10, "price": 423.65, "sentiment": 36, "timestamp": 1762738526.374613}
{"type": "order", "symbol": "MSFT", "side": "SELL", "qty": 10, "price": 165.09, "sentiment": 14, "timestamp": 1762738528.0253491}
{"type": "order", "symbol": "MSFT", "side": "BUY", "qty": 10, "price": 167.68, "sentiment": 67, "timestamp": 1762738529.4611359}
{"type": "order", "symbol": "AAPL", "side": "BUY", "qty": 10, "price": 423.48, "sentiment": 67, "timestamp": 1762738529.670298}
{"type": "order", "symbol": "AMZN", "side": "SELL", "qty": 10, "price": 107.02, "sentiment": 38, "timestamp": 1762738531.5306492}
{"type": "order", "symbol": "MSFT", "side": "SELL", "qty": 10, "price": 166.23, "sentiment": 14, "timestamp": 1762738531.943222}
{"type": "order", "symbol": "AAPL", "side": "SELL", "qty": 10, "price": 410.12, "sentiment": 16, "timestamp": 1762738532.9757252}
{"type": "order", "symbol": "AMZN", "side": "BUY", "qty": 10, "price": 108.32, "sentiment": 86, "timestamp": 1762738534.6302369}
{"type": "order", "symbol": "AAPL", "side": "BUY", "qty": 10, "price": 410.96, "sentiment": 64, "timestamp": 1762738536.070967}
{"type": "order", "symbol": "MSFT", "side": "BUY", "qty": 10, "price": 162.62, "sentiment": 64, "timestamp": 1762738536.071539}
{"type": "order", "symbol": "AAPL", "side": "SELL", "qty": 10, "price": 407.72, "sentiment": 26, "timestamp": 1762738537.71836}
{"type": "order", "symbol": "AMZN", "side": "SELL", "qty": 10, "price": 106.42, "sentiment": 26, "timestamp": 1762738537.719008}
{"type": "order", "symbol": "AMZN", "side": "BUY", "qty": 10, "price": 107.59, "sentiment": 91, "timestamp": 1762738539.592801}
{"type": "order", "symbol": "AAPL", "side": "BUY", "qty": 10, "price": 409.84, "sentiment": 81, "timestamp": 1762738540.220293}
{"type": "order", "symbol": "MSFT", "side": "SELL", "qty": 10, "price": 164.3, "sentiment": 35, "timestamp": 1762738541.460594}
{"type": "order", "symbol": "AMZN", "side": "SELL", "qty": 10, "price": 105.15, "sentiment": 35, "timestamp": 1762738541.460903}
{"type": "order", "symbol": "MSFT", "side": "BUY", "qty": 10, "price": 164.39, "sentiment": 84, "timestamp": 1762738548.267375}
{"type": "order", "symbol": "AMZN", "side": "BUY", "qty": 10, "price": 102.99, "sentiment": 91, "timestamp": 1762738549.29532}
{"type": "order", "symbol": "AAPL", "side": "SELL", "qty": 10, "price": 398.3, "sentiment": 30, "timestamp": 1762738550.1214871}
{"type": "order", "symbol": "AAPL", "side": "BUY", "qty": 10, "price": 408.07, "sentiment": 85, "timestamp": 1762738552.593598}
{"type": "order", "symbol": "MSFT", "side": "SELL", "qty": 10, "price": 161.57, "sentiment": 24, "timestamp": 1762738553.629714}
{"type": "order", "symbol": "AMZN", "side": "SELL", "qty": 10, "price": 104.17, "sentiment": 31, "timestamp": 1762738554.248779}
{"type": "order", "symbol": "AAPL", "side": "SELL", "qty": 10, "price": 407.69, "sentiment": 24, "timestamp": 1762738554.659261}
{"type": "order", "symbol": "MSFT", "side": "BUY", "qty": 10, "price": 164.0, "sentiment": 75, "timestamp": 1762738555.6998441}
{"type": "order", "symbol": "MSFT", "side": "SELL", "qty": 10, "price": 158.63, "sentiment": 35, "timestamp": 1762738557.765193}
{"type": "order", "symbol": "AMZN", "side": "BUY", "qty": 10, "price": 105.33, "sentiment": 72, "timestamp": 1762738561.678169}
{"type": "order", "symbol": "AMZN", "side": "SELL", "qty": 10, "price": 103.9, "sentiment": 6, "timestamp": 1762738562.712636}
{"type": "order", "symbol": "AMZN", "side": "BUY", "qty": 10, "price": 105.73, "sentiment": 71, "timestamp": 1762738563.9469109}
{"type": "order", "symbol": "AAPL", "side": "BUY", "qty": 10, "price": 395.91, "sentiment": 69, "timestamp": 1762738566.21583}
{"type": "order", "symbol": "AMZN", "side": "SELL", "qty": 10, "price": 99.94, "sentiment": 4, "timestamp": 1762738567.248009}
{"type": "order", "symbol": "MSFT", "side": "BUY", "qty": 10, "price": 150.55, "sentiment": 65, "timestamp": 1762738567.8694558}
{"type": "order", "symbol": "AAPL", "side": "SELL", "qty": 10, "price": 395.19, "sentiment": 0, "timestamp": 1762738570.148111}
{"type": "order", "symbol": "AMZN", "side": "BUY", "qty": 10, "price": 95.17, "sentiment": 67, "timestamp": 1762738571.374437}
{"type": "order", "symbol": "AAPL", "side": "BUY", "qty": 10, "price": 406.04, "sentiment": 97, "timestamp": 1762738571.786013}
{"type": "order", "symbol": "MSFT", "side": "SELL", "qty": 10, "price": 154.4, "sentiment": 29, "timestamp": 1762738574.251953}
{"type": "order", "symbol": "AMZN", "side": "SELL", "qty": 10, "price": 96.97, "sentiment": 29, "timestamp": 1762738574.252227}
